1768 3236
3 103 149 138 '‚0

302 174 380 213 AD
411 173 511 213 LI-B.
538 170 615 211 DE
645 170 892 218 MOMBUS
919 168 1342 224 GERMANORUM.
1510 170 1597 212 ,561

61 274 151 319 Tit.
174 288 277 317 xlv.
307 279 333 299 “
355 276 405 319 de
435 273 629 330 Ingenuis
660 272 908 323 hominibus,
938 271 1011 329 qui
1044 271 1233 319 mulieres
1265 271 1456 326 ingenuas
1490 274 1598 328 rapi.

59 358 148 409 μμρ.
151 347 187 366 '·'
231 348 336 404 Leg.
356 355 397 392 8.
442 353 470 372 “
491 347 538 390 Si
571 347 660 404 quis
694 346 875 403 puellam
913 354 1147 401 sponsatam
1176 340 1331 398 tulerit,
1373 354 1415 388 et
1445 330 1529 406 sibi
1538 346 1598 396 in

56 421 304 483 conjugium
337 421 564 474 sociaverit,
609 435 645 462 M
658 434 684 462 A
698 435 723 462 L
734 434 778 462 Β.
825 433 855 461 A
867 433 897 461 N
910 434 939 462 A
952 434 972 461 s
984 435 1012 462 T
1025 434 1055 461 H
1070 433 1097 461 E
1110 433 1156 471 ο,
1206 433 1243 460 Μ
1257 433 1292 460 Μ
1306 434 1351 462 1).
1395 420 1486 462 den.
1526 419 1597 476 qui

56 496 216 548 faciunt
245 496 480 539 sol.1,x11.
515 511 611 537 cum
641 493 825 545 dimidio,
870 492 1086 550 culpabilis
1108 493 1332 550 judicetur.
1336 493 1358 510 '²
1420 478 1521 548 Leg.
1552 499 1595 542 9.

62 575 92 595 “
104 571 278 630 Sponso
298 579 435 613 autem
456 571 542 627 ejus
566 583 641 611 Dc.
662 569 754 610 den.
776 568 884 624 qui.
874 567 1024 609 faciunt
1043 566 1119 608 sol.
1144 582 1223 609 xv.
1255 566 1471 622 culpabilis
1481 567 1597 623 judi-

57 612 215 705 :ceturl'
235 693 238 695 Α
260 644 377 721 Leg,
403 650 466 686 10.
498 648 524 668 “
542 644 587 686 Si
606 643 696 699 quis
716 641 897 697 puellam
915 650 1163 701 sponsatam,
1194 641 1338 683 druthe
1358 641 1529 682 ducente
1544 642 1597 682 ad

61 718 252 767 maritum
272 718 332 770 (id
350 727 433 770 est,
454 732 604 774 sponsa
634 716 825 758 maritum
857 717 1047 777 adeunte)
1079 723 1120 757 et
1152 730 1243 756 eam
1276 714 1317 756 in
1351 714 1417 755 via
1451 713 1596 782 aliquis

58 790 278 850 adsalierit,
337 801 377 836 et
425 808 520 834 cum
576 791 666 847 ipsa
721 789 914 832 violenter
961 790 1188 832 moechatus
1235 787 1371 840 fuerit,
1424 801 1458 829 M
1473 802 1497 838 A
1513 802 1596 830 LB.

66 881 91 909 c
103 880 134 909 ιι
145 881 174 908 A
189 880 216 908 N
234 881 260 909 G
276 881 324 908 ic
338 880 364 908 A
375 879 403 910 1.
416 880 443 907 n
457 880 504 916 o,
538 880 561 906 v
574 880 588 907 1
603 880 617 907 1
631 880 645 907 1
661 879 712 907 M.
726 866 833 907 ..den
855 864 925 921 qui
944 863 1096 905 faciunt
1118 862 1234 904 solid.
1271 876 1343 904 cc.
1378 861 1595 917 culpabilis

54 940 275 999 judicetur.
280 941 301 958 ’'
362 940 634 994 Leg.12.“
652 939 698 982 Si
731 938 820 995 quis
854 953 1049 990 sororem,
1092 945 1163 989 apt
1193 935 1324 978 fratris
1356 935 1496 988 filiam,
1526 945 1597 978 aut

56 1014 174 1075 'certe
190 1012 358 1065 ‘alterius
378 1014 523 1069 gradus
543 1013 847 1064 consobrinam,
864 1021 936 1054 aut
956 1011 1088 1053 fratris
1102 1026 1286 1066 uxorem,
1306 1019 1376 1052 aut
1390 1009 1596 1068 avunculi,

63 1086 267 1129 sceleratis
284 1087 446 1152 nuptiis⁸
457 1087 532 1130 sibi
544 1087 740 1144 junxerit,
768 1087 864 1128 huic
881 1101 1014 1142 poenae
1035 1085 1256 1142 subjaceat,
1287 1093 1331 1126 ut
1364 1082 1390 1125 a
1410 1083 1480 1126 tali
1500 1099 1598 1125 con-

64 1161 191 1207 sottio
225 1170 460 1218 separetur3
492 1171 614 1218 atque
641 1161 764 1203 etiam
796 1161 830 1202 si
860 1159 967 1202 filios
999 1158 1227 1209 habuerint,
1257 1173 1339 1199 non
1370 1158 1598 1199 habeantur

62 1234 235 1291 legitimi
252 1236 432 1288 heredes,
463 1237 530 1278 sed
565 1235 731 1277 infamia
766 1243 859 1277 sunt
894 1233 1064 1275 notati.”
1125 1233 1229 1288 Leg,
1271 1238 1333 1274 13.
1378 1236 1405 1256 “
1427 1231 1473 1274 Si
1505 1231 1598 1288 quis

64 1309 279 1364 ingenuam
301 1310 507 1370 foeminam
528 1319 598 1352 aut
622 1309 818 1365 puellam,
849 1307 1119 1351 contubernio
1136 1308 1260 1359 facto,
1291 1322 1362 1348 seu
1383 1306 1423 1347 in
1443 1305 1600 1359 itinere,

66 1391 136 1425 aut
158 1383 340 1440 quolibet
367 1383 463 1426 loco
488 1383 705 1435 adsalierit,
735 1392 776 1425 et
810 1382 890 1424 vim
922 1381 980 1423 illi
1011 1381 1160 1423 inferre
1191 1380 1483 1436 praesumserit,
1512 1388 1598 1430 tam

0 1516 3 1519 ff
66 1472 168 1499 unus
189 1456 313 1514 quam
332 1457 511 1514 plurimi,
541 1458 611 1514 qui
630 1458 671 1499 in
691 1457 781 1513 ipsa
802 1456 994 1498 violentia
1015 1455 1164 1497 fuerint
1182 1442 1365 1506 admixti,
1388 1468 1462 1495 cc.
1479 1453 1599 1496 solid.

66 1532 341 1589 uuusquisque
375 1532 557 1588 ipsorum
592 1531 809 1587 culpabilis
835 1530 1056 1588 judicetur.
1116 1529 1175 1571 Et
1216 1529 1250 1571 si
1281 1528 1412 1570 adhuc
1443 1529 1494 1569 de
1525 1527 1599 1570 illo

67 1606 335 1648 contubernio
354 1607 629 1658 remanserint,
660 1605 728 1663 qui
748 1604 879 1647 scelus
898 1605 1005 1646 istud
1025 1619 1107 1645 non
1127 1601 1332 1644 admisisse
1362 1610 1599 1654 noscuntur,

63 1687 108 1720 et
128 1687 262 1720 tamen
280 1678 431 1722 ibidem
450 1679 612 1733 fuerint,
641 1695 782 1721 eorum
804 1678 974 1735 quilibet
993 1693 1070 1734 pro
1090 1676 1188 1732 ipsis
1215 1690 1329 1717 xnv.
1351 1674 1425 1717 sol.
1456 1674 1600 1731 culpa-

66 1751 420 1810 bilisjudicetu1·.”
478 1754 582 1796 Vide
601 1763 642 1796 et
661 1753 747 1796 Tit.
784 1766 937 1795 xxnl.
967 1757 995 1776 “
1015 1752 1065 1794 de
1098 1749 1234 1793 Manu
1266 1748 1485 1791 mulierum
1517 1765 1600 1792 non

67 1826 338 1883 stringenda?

50 1939 55 1945 .
129 1900 198 1943 N
176 1917 227 1944 on
247 1917 349 1945 uxor
368 1903 530 1946 marito.
560 1902 753 1946 AMSS.
767 1902 992 1958 Bamberg.
1012 1909 1054 1944 et
1071 1900 1271 1944 Arundel.
1287 1902 1415 1953 abest,
1434 1899 1599 1942 marito.

71 1975 221 2018 Manet
250 1976 382 2018 adhuc
412 1978 520 2032 apud
562 1993 636 2019 nos
685 1976 809 2034 prisci
838 1978 934 2019 ustis
964 1975 1163 2026 memoria
1195 1976 1236 2017 in
1268 1989 1444 2017 uxorum
1474 1975 1600 2015 dote:

68 2048 265 2107 illumque
285 2050 486 2093 illustrant
504 2048 657 2094 v‘eteres
677 2049 898 2103 Formulae,
928 2066 1019 2106 quae
1044 2050 1203 2105 seriptae
1234 2056 1342 2100 sunt,
1372 2047 1466 2088 cum
1496 2062 1605 2103 opes

9 2156 11 2158 f
68 2123 376 2182 humanitasque
395 2124 621 2167 crevissent.
681 2126 750 2168 Sic
769 2132 905 2187 autem
921 2123 1115 2166 Formula
1133 2138 1234 2165 xw.
1256 2126 1282 2146 “
1296 2122 1346 2162 de
1364 2120 1602 2178 Donatione

71 2197 113 2239 in
131 2199 283 2254 sponsa
302 2198 453 2242 faetass'
510 2204 537 2224 “
559 2198 650 2241 Lex
670 2207 711 2241 et
732 2199 986 2241 consuetudo
1006 2197 1204 2253 exposcit,
1223 2204 1269 2237 ut
1287 2193 1480 2251 quicquid
1499 2193 1604 2235 inter

71 2281 266 2328 sponsum
286 2284 328 2316 et
346 2289 538 2330 sponsam
553 2274 602 2315 de
622 2273 765 2315 futuris
785 2272 936 2328 nuptiis
950 2271 1071 2314 fuerit
1087 2270 1303 2312 diffinitum
1319 2267 1383 2309 vel
1398 2267 1602 2326 largitum,

70 2354 141 2389 aut
159 2361 209 2388 ex
226 2362 424 2390 consensu
442 2356 670 2404 parentum,
696 2355 766 2388 aut
795 2345 872 2402 ipsi
903 2346 935 2388 si
966 2345 1027 2387 sui
1051 2343 1157 2402 juris
1176 2352 1281 2394 sunt,
1311 2340 1602 2398 scripturarum

73 2419 312 2463 solennitate
331 2420 528 2464 firmetur.
577 2420 740 2463 Idcirco
760 2435 838 2476 ego
858 2419 899 2461 in
919 2418 1004 2462 Dei
1023 2416 1187 2460 nomine
1207 2415 1276 2457 ille
1296 2414 1358 2456 N.
1379 2414 1476 2476 dum
1499 2414 1604 2455 mul-
1641 2416 1645 2419 ’

75 2502 210 2536 torum
226 2495 398 2537 habetur
416 2495 717 2551 percognitum,
739 2491 850 2551 quod
868 2508 945 2549 ego
966 2501 1006 2535 te
1026 2491 1095 2534 illa
1115 2490 1174 2533 N.
1196 2487 1277 2532 una
1295 2503 1390 2530 cum
1406 2501 1605 2529 consensu

72 2567 367 2625 parentum‚vel
374 2569 598 2611 amicorum
611 2576 842 2610 nostrorum
845 2568 935 2619 ‚tufi
949 2565 1173 2622 spontanea
1183 2562 1390 2605 voluntate
1402 2560 1604 2617 sponsavi,

75 2641 175 2684 mihi
195 2641 348 2698 placuit
367 2652 414 2685 ut
432 2642 585 2699 aliquid
605 2644 655 2685 de
675 2644 796 2687 rebus
816 2640 916 2682 meis
937 2656 1011 2696 per
1028 2640 1136 2681 hunc
1157 2636 1319 2680 titulum
1350 2634 1476 2678 libelli
1496 2634 1606 2676 dotis

65 2726 168 2763 ⁴ante
180 2716 266 2759 dies
284 2717 515 2772 nuptiarum
529 2716 602 2759 tibi
617 2715 859 2771 confirmare
874 2712 1227 2760 deberequuod
1238 2710 1293 2753 ita
1306 2716 1346 2751 et
1364 2708 1456 2751 feci.
1488 2707 1605 2762 Ergo

75 2791 186 2833 dono
211 2790 288 2834 tibi
318 2791 594 2847 donatumque
624 2805 711 2834 esse
743 2788 839 2831 volo
857 2787 1063 2840 locellum,
1094 2801 1180 2829 rem
1210 2781 1469 2841 proprietatis
1490 2794 1607 2830 meae,

73 2872 380 2921 ,nuncupantem
398 2863 516 2908 illum
536 2863 597 2909 N.
616 2864 739 2910 situm
758 2863 799 2906 in
818 2878 927 2920 pago
947 2861 1018 2905 illo
1052 2859 1110 2904 N.
1139 2875 1234 2902 cum
1253 2856 1385 2909 terris,
1413 2850 1611 2904 aedificii-⁶3,
