1768 3236
0 0 53 139 ἶ)

0 147 15 220 l
69 160 166 237 ic.
184 194 253 240 ³9.

0 304 7 330 i

0 361 6 500 ξ

1459 86 1498 131 θ

477 190 627 232 LIBRI
652 189 863 231 OCTAVI
891 190 1217 234 ANNALIUM.
1537 196 1626 235 301·

67 297 328 365 abrogatO,¹
360 300 395 325 “
418 294 551 361 quod
589 295 650 344 de
686 294 910 360 Principis
943 295 1083 344 natali
1096 300 1115 320 ⁸
1146 295 1261 345 nihil
1283 295 1549 357 edixissent,
1571 310 1619 348 et

67 383 108 417 ‘a‘
137 375 378 425 Actiacam
430 373 672 423 victoriam
719 373 1004 424 solemnibus
1058 373 1184 424 feriis
1239 374 1548 426 celebrassent
1562 378 1617 425 :”

3 502 11 525 a
68 453 237 520 insigni
257 451 563 534 'protervitate
587 451 727 501 Caius
759 468 858 511 eos,
879 453 942 501 ob
976 451 1289 501 celebritatem
1309 451 1549 514 feriarum,
1569 453 1621 504 in

0 542 18 568 '‘-
67 533 364 590 Automum‚³
386 529 569 596 generis
589 529 677 589 sui,
700 540 753 578 ut
765 527 960 589 ferebat,
981 541 1239 590 auctorem,
1255 530 1376 578 male
1394 531 1619 582 animatos

0 624 5 627 “
62 610 318 676 arguebat:
375 607 511 673 aeque
555 604 760 656 infensos
806 611 1027 675 Augusto
1083 608 1387 675 judicaturus,
1435 609 1474 658 si
1513 626 1618 660 eam

0 716 2 720 ,
67 687 338 736 omisissent.

2 795 3 798 =
65 782 116 814 se
154 765 252 830 ipse
295 764 588 812 interficeret.

409 686 553 750 Quod
580 685 843 735 Consulum
860 685 990 735 alteri
1010 686 1073 735 ita
1101 685 1290 753 indigne
1313 687 1540 747 habitum,
1562 699 1617 737 ut

656 761 840 812 Eadem
881 763 1022 813 animi
1064 763 1386 825 inconstantia,
1431 765 1617 814 comitia

65 842 258 907 popu10,
297 853 351 890 ut
384 841 627 901 diximus,4
656 842 852 902 reddita,
891 844 951 891 ad
986 853 1197 892 senatum
1218 859 1380 892 rursus
1398 844 1617 892 translata

65 922 207 968 sunt.⁵
274 921 543 968 Turbarum
565 935 754 986 quoque
791 919 841 969 in
875 918 1041 969 Africa
1063 917 1348 980 formidine,⁶
1379 920 1615 986 provincia

65 998 115 1045 in
159 998 273 1046 duas
316 1008 468 1062 partes
511 995 683 1046 divisa:
741 997 908 1048 Africa
951 999 1236 1064 proconsuli,
1292 998 1535 1049 exercitus*
1551 1009 1614 1047 ‘et

65 1074 290 1124 Numidia
311 1075 463 1141 legato
483 1074 663 1124 tradita.
926 1087 928 1089 ’
1386 1090 1389 1096 ’

128 1238 212 1279 22.
244 1231 379 1279 Dum
425 1229 818 1281 criminationibus
867 1230 1254 1282 mutationibusve
1309 1231 1372 1280 ita
1423 1231 1611 1281 ludebat

0 1338 3 1345 ι
58 1303 297 1373 Princeps,
319 1308 489 1357 exteris
502 1309 686 1373 opibus,
706 1309 858 1358 nullas
868 1311 966 1376 Jam
981 1321 1251 1375 suppetente
1273 1309 1419 1369 Italia,
1441 1309 1611 1359 incres-

62 1403 170 1438 cere
189 1385 382 1445 avidior,
417 1388 477 1435 ad
517 1386 695 1437 Gallias
722 1386 1085 1452 Hispaniamque
1114 1387 1323 1436 animum
1356 1388 1611 1447 convertit,

59 1464 224 1513 itinere
246 1463 543 1514 Germanicae
578 1464 883 1530 expeditionis
915 1466 1142 1514 obtentu⁷
1174 1465 1341 1513 velato.
1409 1466 1609 1513 Tumul-

59 1541 252 1602 tuarius,
273 1542 355 1591 sed
376 1542 652 1603 immensus3
665 1541 753 1592 fuit
772 1542 884 1593 belli
896 1554 1155 1610 apparatus.
1190 1542 1371 1593 Excitae
1384 1541 1607 1608 legiones,

113 1683 127 1700 ¹
159 1684 378 1723 Consulibus
438 1686 636 1736 abrogato.
721 1687 794 1725 Cn.
867 1691 934 1727 31.
959 1692 1011 1726 49.
1029 1694 1067 1726 et
1088 1685 1154 1726 86.
1209 1686 1414 1725 Suetonius
1436 1686 1477 1723 in
1495 1685 1607 1731 Caio,

60 1738 272 1775 Corbuloni
310 1739 471 1790 ejusque
512 1739 682 1790 collegae,
725 1741 795 1791 qui
867 1753 1003 1780 xxlu.
1058 1742 1151 1780 Non
1184 1746 1379 1779 contentus
1418 1739 1489 1778 lade
1523 1741 1606 1777 Au·

60 1791 243 1829 Kalendis
281 1793 397 1831 Juliis
442 1793 589 1831 suffecti
643 1794 794 1833 fuerant
861 1797 970 1846 gusti
997 1795 1259 1841 insectatione,
1287 1795 1468 1833 Actiacas
1497 1792 1606 1831 Sicu-

56 1846 262 1896 abrogatus
290 1853 347 1884 est
373 1847 608 1895 consulatus,
626 1854 672 1898 ut
689 1849 792 1887 recte
866 1850 994 1901 las-que
1011 1850 1206 1894 victoriae,
1223 1849 1453 1901 utfunestas
1466 1847 1604 1898 populo

56 1900 236 1937 observat
268 1899 330 1938 Cl.
367 1900 568 1939 Reimarus
600 1902 651 1938 ad
686 1902 791 1940 hunc
861 1903 1030 1942 Romano
1063 1909 1101 1942 et
1129 1902 1379 1949 calamitosas,
1407 1901 1528 1940 vetuit
1544 1915 1602 1940 so-

56 1952 188 1991 locum
208 1954 358 1999 Dionis,
387 1965 479 1991 L1x.
513 1968 552 2006 p.
580 1952 674 1994 655.
730 1957 791 1995 De
866 1957 1166 2010 lemnibusferiis
1184 1957 1385 1996 celebrari,

56 2007 279 2054 Corbulone
300 2007 470 2046 diximus
498 2022 616 2059 supra
641 2008 727 2060 cap.
751 2015 788 2049 2.

55 2059 177 2098 Plura
209 2061 413 2099 Suetonius
444 2062 484 2099 in
517 2062 626 2110 Caio,
664 2076 791 2103 xxvx-

56 2111 275 2152 Consulibus
311 2115 437 2153 oblitis
484 2117 529 2154 de
570 2117 693 2154 natali
724 2131 790 2156 suo

53 2167 209 2214 edicere,
259 2169 462 2220 abrogavit
511 2171 790 2221 magistratum,

30 2218 199 2272 ffuitque
228 2234 300 2271 per
333 2222 499 2261 triduum
537 2224 617 2262 sine
649 2224 791 2263 summd

48 2279 241 2325 potestate
259 2276 479 2327 respublica.

106 2324 125 2343 ²
150 2329 343 2380 Principis
360 2330 494 2368 natali.
551 2331 679 2369 Natus
707 2339 790 2371 erat

54 2381 175 2421 Caius
189 2383 314 2434 pridie
333 2384 528 2422 Kalendas
546 2383 790 2435 Septembres,

55 2434 212 2474 Sueton.
241 2436 281 2473 iu
308 2437 418 2483 Caio,
435 2449 535 2476 vul.
588 2442 790 2489 Augustus

53 2489 102 2525 ad
123 2490 284 2528 Actium
305 2491 399 2528 vicit
426 2491 487 2528 die
517 2493 703 2537 secundo,
731 2494 789 2531 vel

52 2542 180 2592 potius
199 2543 309 2582 tertio
328 2544 582 2595 Septembris:
616 2546 700 2584 vide
721 2547 792 2584 Pe-

0 2641 26 2647 r*
52 2596 210 2643 tanum,
244 2598 291 2635 de
326 2598 505 2635 Doctrin.
537 2599 716 2650 Tempor.
748 2614 790 2640 x.

52 2646 118 2694 69.
175 2651 268 2689 Inde
285 2659 402 2702 patet,
423 2664 590 2701 quonam
618 2660 789 2704 tempore

51 2702 147 2747 haec,
168 2717 254 2753 quae
285 2717 497 2752 narramus,
529 2705 671 2744 fuerint
688 2714 790 2746 acta.

52 2757 127 2793 Die
145 2763 274 2805 autern
301 2759 419 2796 natali
451 2759 674 2809 Principum
693 2761 790 2799 cele-

50 2810 262 2848 brabantur
290 2811 385 2854 ludi,
416 2820 462 2849 ut
486 2813 625 2863 passim
660 2814 788 2853 videre

46 2870 102 2903 at
120 2864 159 2900 in
179 2866 365 2902 veteribus
387 2865 641 2905 Kalendariis.

103 2913 118 2936 ³
148 2917 198 2955 In
219 2919 437 2957 Antonium.
481 2921 674 2959 Antonius
694 2932 788 2959 avus

49 2975 131 3008 erat
165 2971 266 3010 Caii.
321 2973 423 3011 Vide
459 2973 578 3012 Stem.
616 2975 714 3014 Caes.
749 2988 787 3015 n.

5 3035 11 3042 ’
92 3034 154 3101 Ω

915 2009 935 2031 ⁴
965 2012 1205 2050 Uediximus.
1262 2008 1445 2061 Supra-in
1462 2008 1600 2060 Suppl.
1630 2042 1634 2046 .

863 2065 1006 2104 Annal.
1026 2077 1105 2103 vn.
1121 2069 1162 2112 9.

915 2115 930 2140 ⁵
958 2119 1107 2166 Rursus
1135 2119 1324 2157 translata
1350 2122 1453 2156 sunt.
1511 2117 1601 2165 Dio,

863 2183 956 2211 er.
975 2186 1014 2223 p.
1034 2170 1128 2211 655.

912 2221 931 2245 ⁶
959 2227 1186 2265 Formidine.
1247 2223 1376 2279 Tacit,
1406 2224 1508 2263 Hist.
1540 2237 1599 2263 xv.

860 2282 926 2317 48.
982 2279 1024 2318 C.
1055 2280 1195 2326 Caesar,
1221 2279 1393 2317 turbidus
1410 2279 1537 2325 animi,
1554 2293 1598 2317 ac

859 2333 920 2371 M.
956 2332 1126 2372 Silanum
1164 2332 1388 2376 obtinentem
1422 2332 1599 2383 Africam

858 2391 1034 2431 metuens,
1063 2388 1226 2425 ablatam
1249 2387 1467 2436 proconsuli
1484 2387 1599 2437 legio-

858 2453 953 2485 nem,
969 2441 1078 2479 misso
1097 2441 1135 2478 in
1155 2453 1234 2478 eam
1263 2453 1340 2477 rem
1369 2440 1494 2491 legato
1514 2447 1595 2478 tra-

860 2494 972 2532 didit.
1028 2495 1142 2532 Errat
1177 2493 1267 2541 Dio,
1304 2505 1391 2531 mx.
1427 2507 1467 2544 p.
1501 2491 1596 2532 656.

861 2546 953 2584 cum
997 2549 1129 2586 scribit
1164 2547 1247 2584 haec
1286 2547 1487 2597 contigisse
1523 2549 1596 2585 sub

861 2601 1007 2646 Pisone,
1050 2602 1196 2640 Pisonis
1233 2609 1270 2639 et
1306 2601 1512 2647 Plancinae‚
1549 2601 1595 2638 de

859 2655 1000 2704 quibus
1019 2656 1166 2694 dictum
1184 2662 1239 2692 est
1256 2655 1345 2692 satis
1364 2654 1507 2714 Apnal.
1527 2667 1597 2693 111.

860 2711 897 2745 5.
933 2707 1028 2756 filio,
1059 2711 1202 2747 Africae
1249 2708 1494 2760 proconsule.
1551 2709 1596 2745 In

857 2773 1020 2800 errorem
1064 2771 1209 2801 tractus
1239 2763 1390 2800 videtur
1418 2762 1477 2808 iis,
1509 2774 1594 2811 quae

857 2825 1061 2854 narrantur
1081 2818 1181 2854 Hist.
1204 2828 1264 2853 1v.
1284 2820 1351 2858 48.

912 2866 927 2887 ⁷
959 2869 1192 2908 Germanieae
1244 2869 1487 2919 expeditionis
1532 2869 1595 2905 ob-

858 2927 979 2960 tenta.
1038 2924 1134 2962 Haec
1165 2923 1342 2975 pluribus
1375 2922 1463 2968 Dio,
1500 2933 1593 2960 mx.

856 2989 896 3026 p,
915 2973 1012 3015 656.
