1768 3236
73 186 177 231 ch,
195 192 263 229 311.
331 185 338 191 ''
503 185 652 227 LIBRI
681 183 879 233 QUINTI
907 185 1229 227 ANNALIUM.
1456 237 1466 265 Ι
1550 191 1633 234 227.

70 286 216 343 luxfis
237 308 290 342 ac
313 292 492 342 virtutis
513 302 949 356 temperamentum,
969 299 1015 339 et
1035 291 1214 340 nullam
1233 291 1355 342 inter
1374 291 1620 344 acerrimas
1648 335 1651 337 a

69 384 206 423 curas
222 369 533 435 occupationis
556 369 907 417 ostentationem
929 369 1313 433 acceptissimum,
1346 371 1622 421 secretioris·

67 467 165 515 ·que
208 447 387 512 imperii
431 447 479 494 in
523 446 670 494 Urbis
713 443 991 510 praefectura
1034 447 1319 510 participem,
1375 448 1621 515 vigilantiae

65 528 318 575 admonet:
355 525 554 573 consulis
577 523 825 587 colloquia,
859 534 1124 571 senatorum
1141 524 1376 589 obsequia,
1411 527 1624 591 equitum.

65 614 193 664 vota,
226 604 387 669 populi
422 603 624 661 dicteria,
658 596 870 650 rumores
892 618 1054 650 omnes
1075 603 1201 650 clam
1226 602 1441 667 anquirit,
1473 594 1621 653 offen-

69 684 254 732 sionum
287 681 545 747 negligens,
587 691 638 727 ut
677 679 834 743 plures
872 678 1140 728 futurorum
1180 679 1428 728 exitiorum
1462 697 1620 733 causas

69 761 264 810 habeat:
300 761 489 824 ipseque
506 775 676 806 novam
693 757 1023 822 obsequiorum
1041 757 1279 805 materiem
1295 757 1438 815 addit,
1473 759 1619 807 missis

67 839 128 888 ad
142 850 351 887 senatum
366 837 522 896 literis,
537 836 705 901 quibus
729 831 928 900 ‘S'Sejani
946 836 1089 883 fidem
1105 836 1365 899 curasque”
1374 852 1617 886 commen-

63 918 176 977 ·dat3
214 928 266 964 et·
296 921 330 944 ‘⁶
353 931 463 963 eum
495 914 722 981 insignem
758 913 1078 977 principalium
1113 929 1311 962 onerum
1339 913 1616 978 adjutorem,

11 1032 16 1036 -
66 998 104 1022 “
136 994 314 1059 imperii
337 993 531 1051 socium,
566 993 785 1057 Sejanum
806 991 978 1039 suum'’
1003 990 1234 1055 appellat.¹

136 1158 216 1200 26.
250 1152 485 1209 CONSUL,
510 1160 561 1198 ut
582 1145 845 1198 truculento
867 1146 1067 1213 Principi
1089 1158 1240 1214 grates
1262 1158 1367 1214 agat
1386 1147 1617 1198 incertum

66 1244 126 1278 an
148 1240 201 1277 ut
222 1220 473 1277 simultates
495 1225 645 1286 faciat,
679 1227 904 1291 primores
926 1227 991 1274 illi
1012 1226 1180 1274 invisos
1197 1225 1402 1290 corripit,
1435 1227 1616 1277 etfictis

54 1306 333 1373 'criminibus
355 1306 592 1370 damnatos
615 1304 842 1352 interficit.
884 1305 987 1353 Hos
1007 1304 1127 1352 inter
1151 1303 1396 1352 Geminius
1421 1303 1615 1364 Rufus,⁸

66 1384 309 1450 majestatis
330 1376 603 1448 postulatus,
636 1394 846 1430 senatum
868 1382 993 1441 adiit,
1028 1393 1091 1441 et,
1125 1393 1178 1429 ut
1201 1382 1437 1430 Caesarem
1459 1382 1614 1431 liberis

63 1462 158 1512 suis
191 1462 462 1527 placabilem
497 1462 728 1521 redderet,
762 1471 1087 1509 testamentum
1108 1458 1330 1518 recitavit,
1365 1476 1460 1524 quo
1483 1475 1612 1519 eum,

65 1539 231 1605 partita
266 1540 533 1599 hereditate,
567 1539 720 1588 liberis
756 1537 1042 1603 exaequabat.
1099 1537 1167 1586 ‘ld
1191 1537 1318 1586 haud
1346 1537 1451 1586 satis
1485 1536 1616 1586 virile

64 1618 302 1668 habitum:
339 1618 534 1667 domum
554 1617 725 1681 itaque,
747 1615 839 1665 lata
860 1618 1071 1665 nondum
1093 1613 1334 1681 sententia,
1360 1630 1639 1702 regressus}

62 1706 110 1744 et
131 1703 428 1760 quaestorem,
461 1712 691 1759 supremae
714 1693 987 1743 necessitatis
1008 1692 1242 1751 nuntium,
1277 1695 1514 1756 opperti1S‚
1532 1693 1613 1743 ub}

62 1789 172 1822 eum
193 1773 323 1833 vidit,
345 1773 553 1838 gladium
573 1789 657 1822 sua
676 1772 726 1821 in
747 1772 921 1821 viscera
942 1770 1140 1831 direxit3
1177 1770 1440 1833 vulnusque
1461 1780 1613 1818 osten-

63 1851 195 1910 dens,
244 1855 278 1879 “
303 1850 502 1911 Refer,''
549 1850 627 1911 ait,
674 1855 709 1880 “
731 1849 925 1908 senatui,
975 1848 1038 1897 sic
1083 1847 1236 1897 virum
1280 1846 1612 1913 occumberess’

62 1928 227 1977 Publia
260 1929 433 1988 Prisca,
466 1928 684 1978 maritum
711 1927 996 1981 aemulatur:
1031 1925 1081 1975 in
1113 1927 1190 1991 jus
1224 1935 1401 1983 vocata,
1436 1923 1613 1974 curiam

60 2005 217 2075 venit3
275 2006 467 2071 ibique,
494 2005 714 2073 pugione,
764 2022 907 2071 quem
951 2004 1054 2053 sinu
1099 2003 1382 2060 occuluerat,
1429 2002 1610 2059 adacte,

61 2094 247 2133 mortua
268 2083 473 2133 corruit?

62 2253 65 2256 .
127 2222 206 2269 27.
243 2220 492 2267 SEJANUM
530 2229 598 2268 tot
633 2217 872 2283 funeribus
912 2215 1210 2267 dominationi
1253 2213 1505 2263 inhiantem
1547 2210 1608 2261 ad

61 2303 252 2360 magnas
289 2313 393 2360 spes
436 2313 544 2345 casu
580 2313 639 2345 an
676 2297 866 2357 consilio
903 2307 1054 2362 patres
1093 2309 1312 2343 erexere:
1349 2293 1457 2362 eju-sp
1485 2290 1611 2363 enim

23 2393 43 2402 ⁴
60 2369 218 2421 favore
240 2384 286 2421 et
310 2374 507 2423 Caesaris
540 2374 680 2424 literis
715 2374 931 2440 permoti,
965 2373 1079 2438 quid
1112 2386 1350 2436 summum
1377 2369 1435 2418 in*
1455 2367 1610 2437 adula-

60 2448 185 2498 tione
238 2451 432 2511 valeant,
489 2453 762 2501 consultant.
834 2452 998 2500 Visum
1055 2456 1089 2478 “
1111 2448 1473 2514 praecellentem,
1528 2444 1612 2493 secl

60 2531 96 2556 “
128 2528 337 2590 brevem,
354 2545 453 2578 esse
468 2526 738 2580 consulatus
759 2529 1055 2595 dignitatem:
1081 2525 1469 2577 consultissimum
1490 2521 1612 2582 fore,

115 2679 129 2699 ¹
160 2682 338 2734 quanum
368 2699 473 2724 suum
500 2687 678 2736 appellat.
734 2686 796 2725 De
868 2687 1008 2736 Neque
1040 2683 1243 2723 Geminius
1272 2682 1339 2720 ille
1369 2678 1615 2719 confundena

55 2733 118 2773 his
137 2736 304 2789 aliisque·
317 2738 493 2789 plurimis
514 2741 606 2788 Dio,
627 2753 726 2791 saepe
744 2741 798 2778 ci·
868 2740 940 2778 dus
965 2753 1055 2778 cum
1075 2735 1268 2781 Ge‘minim
1296 2736 1342 2772 de
1360 2747 1439 2785 quo
1455 2733 1606 2770 dicetur

61 2795 176 2836 tatus,
205 2802 332 2830 Lvn1.
348 2806 390 2843 p.
408 2790 501 2832 623.
868 2793 1011 2834 Annal.
1032 2805 1093 2830 v1.
1115 2789 1177 2829 14.
1234 2790 1371 2838 Missos
1387 2792 1604 2838 quaestores,

112 2839 133 2859 ⁸
159 2842 245 2882 Hos
289 2845 391 2884 inter
427 2847 621 2886 Geminius
659 2846 799 2899 Rffm·
870 2847 938 2898 qui
956 2846 1150 2898 supplicia
1167 2827 1517 2898 curarensstaemultis
1540 2849 1607 2874 ex·

58 2895 228 2956 §eminii
249 2899 340 2938 Rufi
357 2906 396 2937 et
407 2900 558 2938 Publiae
578 2900 720 2939 Priscae
733 2914 802 2938 ex·
870 2900 1006 2951 emplis
1052 2904 1304 2949 compertum.
1348 2893 1469 2932 'Vide
1508 2890 1607 2930 lnf1'2

60 2956 161 2989 itum
193 2959 323 2991 narrat
359 2954 451 3000 Dio,
486 2954 562 2994 loc.
589 2967 705 3005 supra
735 2955 801 2994 cit.
877 2953 1018 2994 Annal.
1038 2965 1131 2992 xv1.
1149 2955 1214 2991 34.
1344 2958 1347 2960 “
