1768 3236
641 207 962 247 GERMANIA.
1528 208 1583 250 77

31 322 67 346 “
100 327 239 381 atque
273 325 400 363 artus
434 311 644 362 ferarum
679 327 844 378 gerere
865 311 917 359 :'’
952 308 1083 375 quod
1105 324 1214 375 eg0‚
1249 320 1302 357 ut
1323 307 1584 376 incomper-

31 406 155 455 tum,
190 394 240 444 in
263 392 472 441 medium
493 390 791 456 relinquam.¹

35 563 146 600 batos
162 560 303 599 imitari
322 572 433 597 sonos
451 558 632 605 ferarum,
643 563 688 596 ut
700 565 773 596 ter-

34 623 145 666 reant
162 622 199 653 et
217 615 365 652 fallant.
402 614 502 652 Vide
523 613 567 650 P.
585 613 632 650 de
651 612 774 650 Char-

35 670 176 716 levoix,
225 669 402 707 Histoire
447 672 484 704 et
526 666 772 717 Description

31 723 208 776 generale
243 724 288 761 de
332 723 370 760 la
413 722 581 760 nouvelle
614 719 773 759 France.

10 819 14 827 ,
39 779 125 817 Lib.
146 791 177 816 1.
195 791 233 829 p.
255 773 306 815 16
322 785 360 815 et
376 789 454 827 seq.

94 883 108 902 ¹
138 884 189 922 In
212 875 369 923 medium
396 884 616 934 relinquam.
671 882 775 919 Bene

37 938 261 991 egregieque
275 940 437 977 factum.
492 938 521 974 F
522 937 658 975 abulas
674 936 775 974 enim

38 993 264 1044 prodidisset
291 993 464 1039 Tacitus,
493 991 637 1042 quales
656 990 775 1035 Mela,

39 1047 202 1094 Plinius,
230 1047 375 1097 aliique
390 1045 562 1097 plurimi,
586 1044 703 1083 etiam
721 1057 775 1082 τε·

39 1101 238 1140 centiores.
294 1102 412 1139 Nunc
437 1099 526 1138 vero
554 1099 704 1149 aliquid
731 1099 778 1136 de

40 1162 123 1194 toto
142 1155 216 1193 hoc
228 1156 327 1194 libro
341 1154 563 1193 summatim
581 1154 791 1191 observare-

34 1210 163 1260 juvat.
218 1211 470 1260 Compe1tum
487 1208 589 1245 enim
607 1206 701 1244 mihi
726 1208 780 1244 vi-

42 1264 166 1306 detur,
181 1274 221 1302 et
236 1264 414 1301 omnibus
431 1268 671 1313 perspectum
694 1261 779 1306 erit,

42 1324 89 1355 ut
113 1318 262 1369 opinor,
289 1317 470 1369 Tacitum
501 1316 599 1354 nihil
617 1316 663 1353 de
683 1316 780 1354 Ger-

18 1374 22 1378 ’
41 1372 435 1414 manorum-moribus
452 1370 655 1422 scripsisse,
673 1369 779 1421 quod

42 1439 135 1464 cum
153 1425 293 1465 natura
308 1432 347 1464 et
357 1426 515 1473 veritate
531 1438 607 1462 non
625 1436 780 1462 consen-

44 1480 130 1518 tiat.
185 1481 226 1518 Si
243 1480 358 1526 enim,
386 1486 431 1517 ut
448 1479 680 1531 quibusdam
698 1477 781 1528 pla-

6 1575 10 1578 ,
45 1534 141 1581 cuit,
170 1533 320 1585 ingenio
345 1547 414 1571 suo
433 1533 650 1571 indulsisset
667 1532 781 1570 Taci-

45 1596 120 1635 tus,
150 1596 193 1626 ut
211 1590 494 1627 Germanorum
523 1600 644 1625 mores
669 1586 782 1636 finge-

45 1649 103 1679 ret
130 1642 270 1692 potius,
298 1642 416 1693 quam
446 1642 610 1689 referret,
640 1641 782 1678 Roma-

44 1708 113 1733 nos
143 1697 323 1748 carpendi
354 1696 544 1747 cupidus;
586 1694 782 1746 quomodo

47 1763 170 1788 mores
187 1751 246 1788 illi
258 1751 539 1789 Germanorum
551 1763 643 1788 cum
659 1749 784 1787 Cana-

47 1803 220 1842 densium
253 1805 436 1851 moribus,
464 1804 530 1854 qui
564 1802 689 1853 vigent
717 1802 784 1840 ad-

0 1864 1 1867 ’
47 1858 142 1903 huc,
170 1859 355 1910 nobisque
372 1866 462 1897 sunt
478 1856 784 1908 perspectissimi,

48 1913 307 1951 concordant?
337 1911 545 1958 Quomodo
566 1924 686 1949 mores
698 1911 786 1948 illos

51 1966 347 2012 Germanorum,
362 1967 401 2004 in
419 1967 607 2004 veteribus
626 1965 786 2015 legibus,

51 2020 196 2069 salica,
225 2021 515 2071 Ripuariorum,
543 2019 783 2069 Burgundio-

6 2106 10 2112 .
50 2084 159 2121 num,
187 2075 415 2126 Anglorum,
435 2074 786 2125 Langobardorum,

50 2127 305 2180 aliorumque,
332 2130 549 2180 superstites
582 2127 787 2178 deprehen-

2 2200 8 2206 ·
52 2181 202 2224 dimus?
249 2183 472 2230 Quomodo,
500 2188 585 2234 post
615 2188 670 2220 tot
702 2188 786 2219 tan-

52 2241 186 2288 tasque
213 2237 431 2276 seculorum
468 2244 584 2288 atque
612 2235 788 2287 imperio-

116 2338 134 2354 ⁴

848 570 935 595 rum
964 557 1077 600 vices,
1106 569 1228 594 mores
1257 555 1355 603 illos,
1383 555 1469 593 illos
1494 569 1587 594 usus

849 612 998 649 tamdiu
1016 612 1217 658 retinuere,
1242 610 1433 660 hodieque
1447 609 1586 660 magna

847 679 895 703 ex
905 673 1011 716 parte
1020 666 1181 704 retinent
1191 666 1380 702 immensae
1387 670 1424 702 et
1431 664 1588 702 diversae

849 720 1143 767 Germanorum,
1173 720 1421 773 Francorum,
1442 718 1587 768 Anglo-

847 787 932 811 rum
963 778 1115 825 gentes?
1171 773 1378 823 Quotquot
1407 772 1583 820 vivimus,

847 834 885 866 et
916 828 1070 867 annales
1101 828 1258 874 nostro's,
1295 833 1440 865 nostras
1469 826 1581 877 leges,

843 889 988 920 nostros
1021 895 1112 921 usus
1139 883 1326 926 novimus,
1354 880 1448 919 huic
1482 880 1582 919 libro

844 937 957 974 fidem
977 937 1153 975 facimus.
1208 935 1368 974 Utinam
1395 934 1583 973 faciamus

843 1003 1002 1042 semper,
1041 991 1371 1040 Germanicasque
1410 989 1584 1034 virtutes,

844 1046 950 1083 novis
976 1053 1014 1084 et
1039 1045 1249 1095 majoribus
1265 1044 1304 1081 in
1323 1043 1402 1081 dies
1432 1043 1584 1081 virtuti-

845 1101 929 1146 bus,
958 1099 1223 1138 cumulemus!
1263 1099 1318 1136 At
1334 1098 1373 1134 in
1391 1097 1465 1136 hoc
1483 1097 1583 1136 libro

844 1167 965 1191 mores
984 1155 1188 1198 Romanos,
1217 1152 1276 1190 vel
1294 1151 1419 1198 silens,
1443 1151 1584 1202 passim

846 1208 971 1259 carpit
997 1208 1171 1246 Tacitus.
1226 1206 1329 1244 Vere
1361 1206 1518 1256 quidem
1544 1211 1585 1243 et

847 1262 960 1300 belle.
1002 1263 1090 1300 Hoc
1105 1269 1162 1300 est
1178 1260 1280 1298 enim
1299 1259 1435 1311 optimi
1455 1260 1588 1309 cujus-

846 1329 923 1367 que
941 1317 1136 1368 scriptoris
1164 1314 1348 1362 officium,
1374 1314 1457 1352 haec
1476 1326 1585 1360 cura,

847 1370 928 1408 haec
960 1371 1057 1417 laus,
1097 1371 1147 1409 ad
1177 1369 1300 1407 aetatis
1334 1380 1414 1407 suae
1448 1381 1598 1414 mores„

848 1426 928 1462 sine
971 1425 1205 1470 adulatione,
1248 1423 1328 1461 sine
1372 1421 1586 1469 offensione,

851 1479 1023 1517 animum
1043 1480 1249 1525 advertere,
1266 1472 1405 1527 eosque
1422 1489 1492 1526 pro
1510 1476 1588 1513 suis

835 1528 994 1571 *viribus
1011 1533 1060 1571 ad
1079 1532 1238 1570 meliora
1254 1543 1488 1583 promovere.
1517 1530 1591 1567 Ni-

850 1586 903 1624 hil
926 1586 1028 1625 ultra
1044 1587 1241 1624 addidero.
1284 1585 1324 1623 Si
1344 1585 1428 1634 quis
1446 1590 1590 1630 autem,

853 1650 1040 1691 quantum
1053 1638 1276 1680 Germanici
1293 1639 1408 1677 moris
1427 1637 1592 1676 retinue-

852 1696 984 1741 rimus,
1013 1695 1175 1733 voluerit
1191 1694 1328 1746 paucis
1352 1704 1592 1743 cognoscere,

853 1750 1168 1801 elegantissimam
1218 1748 1318 1799 legat
1363 1745 1592 1784 dissertatio-

854 1817 953 1850 nem,
982 1805 1046 1841 cui
1063 1803 1125 1841 Cl.
1143 1804 1190 1841 de
1209 1803 1347 1840 Vertot
1364 1800 1523 1839 titulum
1541 1800 1594 1837 fe-

854 1858 929 1896 cit:
961 1857 1221 1896 Dissertatio„
1248 1857 1340 1894 dans
1359 1854 1518 1905 laquelle
1545 1867 1594 1892 on

855 1912 963 1951 tache
977 1912 1022 1950 de
1036 1909 1193 1950 demeler
1206 1911 1244 1949 la
1254 1909 1435 1949 veritable
1447 1908 1594 1960 origine

855 1968 918 2005 des
938 1966 1132 2017 Ftanfois,
1157 1979 1231 2016 par
1260 1978 1310 2002 un
1335 1962 1520 2015 parallele
1549 1962 1596 2000 de

855 2022 955 2059 leurs
988 2033 1119 2059 moeurs
1149 2033 1237 2058 avec
1268 2018 1378 2056 celles
1404 2017 1468 2055 des
1496 2016 1597 2054 Ger-

853 2075 983 2113 maz'ns.
1040 2074 1141 2112 Vide
1186 2073 1302 2111 Ilfem.
1348 2072 1394 2110 de
1435 2070 1462 2108 l’
1472 2069 1595 2108 Acadf.

854 2129 952 2180 Roy.
980 2129 1043 2167 des
1076 2128 1243 2179 Inscrip.
1267 2125 1343 2165 vol.
1374 2137 1423 2164 11.
1451 2137 1492 2175 p.
1517 2121 1596 2168 567

850 2190 889 2221 et
907 2195 985 2233 seq.
