1768 3236
179 195 262 236 480
722 189 1172 230 SUPPLEMENTUM
1431 195 1481 233 A.
1502 194 1552 234 U.
1565 195 1612 235 C·
1633 201 1727 238 821.

181 304 213 326 “
246 299 377 347 laetos
414 305 705 345 cantaturum
740 293 947 360 epinicia,
980 310 1086 359 quae
1121 289 1246 344 nu'nc
1263 295 1360 362 jam
1386 293 1472 347 sibi
1505 299 1724 365 componi

182 382 212 404 ‘⁶
245 375 532 441 oporteret.”

251 537 330 585 75.
365 532 490 579 TAM
515 527 657 578 facilis
677 526 881 578 victoriae
903 526 1117 593 opinione
1139 527 1264 583 haud
1285 527 1567 580 comminuta
1585 545 1742 597 pecm.

182 609 365 659 niarum
402 606 601 655 aviditas.
671 607 822 653 Immo
857 604 905 653 in
933 603 1042 653 belli
1080 604 1307 669 impensas
1337 621 1504 656 omnes
1540 607 1727 658 ordines

183 694 362 784 parte2m
385 683 553 733 census
575 681 850 732 conferre-¹
802 718 818 742 ,
883 681 1164 746 privatarum
1199 681 1370 731 aedium
1401 694 1539 748 atque
1559 683 1729 746 insula-

106 792 112 794 -
184 765 323 812 rum²
357 759 566 826 inquilini
601 759 868 824 pensionem
896 774 1096 807 annuam
1117 759 1230 809 fisco
1252 771 1580 824 repraesentare
1586 760 1726 827 jussi.

152 861 157 876 ι
185 838 361 889 Addita
397 837 589 897 fastidia,
624 837 751 902 quod
790 836 1100 901 potentiorum
1138 835 1316 902 injuriae
1360 836 1594 897 ultimum,
1637 853 1726 888 nec

185 932 409 981 umquam
463 915 666 979 impune.
757 914 1034 962 Mandatum
1089 912 1213 961 enim
1268 914 1559 964 exactoribus
1611 914 1726 965 nihil

186 993 366 1042 nummi
402 991 623 1055 recipere,
656 988 742 1039 nisi
776 993 1024 1055 asperum‚³
1058 989 1170 1038 nihil
1198 991 1392 1056 argenti,
1425 991 1510 1041 nisi
1543 992 1729 1057 pusula.

184 1072 326 1129 tum,4
357 1068 470 1117 nihil
513 1068 629 1127 auri,
662 1068 747 1116 nisi
781 1068 839 1115 ad
878 1069 1152 1116 obrussam.⁵
1220 1068 1388 1118 Gravis
1425 1067 1533 1126 inde
1567 1079 1753 1120 exorta-

183 1146 369 1206 invidia,
401 1145 631 1211 plerisque
654 1145 945 1194 collationem
965 1145 1296 1205 recusantibuS,
1330 1156 1376 1194 et
1399 1150 1433 1174 ‘⁶
1456 1145 1486 1194 a
1516 1145 1728 1196 delatori·
1755 1157 1760 1160 '

189 1228 220 1250 ‘⁶
252 1225 343 1274 bus
362 1224 619 1271 revocanda
639 1223 796 1287 potius
818 1221 1041 1287 praemia’'
1063 1222 1396 1271 clamitantibus
1411 1239 1429 1279 z,
1449 1222 1648 1272 accrevit
1666 1240 1728 1273 ex

187 1314 384 1350 annonae
415 1300 630 1360 caritate;
666 1317 720 1348 ac
759 1300 946 1348 tandem
983 1302 1225 1350 subsecuta
1245 1299 1512 1366 indignatio,
1544 1301 1660 1351 cum
1679 1299 1730 1352 in

187 1377 372 1443 publica
394 1376 516 1426 fame
538 1378 855 1427 Alexandrina
888 1377 1015 1426 navis
1049 1377 1335 1427 nuntiaretur
1371 1375 1592 1426 frumenti
1623 1378 1730 1428 lo'co

187 1456 430 1520 pulverem
473 1454 499 1522 ὲ
544 1455 656 1503 Nilo
702 1456 1000 1505 luctatoribus
1041 1446 1198 1504 aulicis
1239 1449 1511 1508 advexisse-⁶
1573 1453 1730 1514 Plebs,

187 1548 444 1598 numquam
465 1533 768 1599 arrogantior,
802 1533 945 1598 quiim
969 1534 1083 1583 cum
1099 1535 1271 1600 jejuna,
1292 1532 1341 1580 in
1361 1530 1557 1581 convitia
1577 1547 1730 1580 erum-

186 1626 327 1674 pere:
363 1610 437 1658 alii
475 1611 643 1670 verbis,
676 1611 852 1676 scriptis
888 1611 962 1660 alii
996 1611 1257 1675 Principem
1295 1610 1542 1658 lacessere:
1578 1607 1731 1668 multi,

185 1697 323 1735 nocte
372 1686 526 1754 jurgia
579 1705 689 1736 cum
743 1689 884 1737 servis
933 1688 1214 1747 simulante8‚
1270 1686 1437 1736 crebro
1477 1681 1730 1738 *Vindicem
1755 1748 1760 1749 ⁷

185 1767 411 1828 poscere.⁷
1629 1779 1633 1786 ·

1442 1977 1540 2021 Plin.
1561 1991 1731 2020 xxxin.

248 1981 265 2000 ¹
296 1982 450 2022 Partem
470 1981 599 2022 censos
616 1984 800 2037 cofferre.
837 1987 929 2025 Sue·
1050 1981 1063 2007 ⁵
1093 1986 1158 2023 Ad
1181 1985 1380 2023 obrussam.

197 2042 277 2075 ton.
294 2039 333 2075 in
353 2039 445 2076 Ner.
464 2049 585 2076 xmv.
624 2067 626 2069 v

250 2088 269 2106 ²
287 2091 514 2130 Insularum.
571 2093 726 2132 Sueton.
746 2094 837 2132 ibid.
868 2095 927 2133 Dc

198 2144 344 2191 insulis,
372 2159 435 2188 seu
470 2146 604 2196 populi
634 2146 822 2196 domibus,
844 2149 927 2199 jam

198 2198 235 2235 di
240 2203 345 2236 ctum
363 2212 477 2249 supra
497 2211 571 2236 xv.
590 2203 655 2237 41.

252 2249 266 2270 ³
296 2252 388 2295 Nisi
427 2266 607 2302 asperum.
663 2253 818 2295 Sueton.
852 2254 928 2293 loc.

196 2305 265 2342 cit.
311 2307 364 2343 «Id
383 2313 448 2351 est,
468 2318 594 2344 recens
611 2319 760 2345 cusum.
815 2309 930 2346 Com-

151 2378 155 2383 ·
198 2365 348 2409 pertum
366 2360 480 2405 enim,
505 2366 549 2396 ut
566 2362 739 2397 observat
757 2362 928 2399 eruditus

199 2412 383 2459 Fontana,
405 2413 592 2461 Templum
616 2413 848 2458 Vaticanum,
869 2428 928 2453 vl.

199 2470 238 2509 7.
260 2467 438 2515 pecunias
459 2468 590 2504 attritu
611 2467 866 2515 staimminui,
887 2477 930 2506 ut

197 2527 350 2556 centum
370 2521 496 2570 pondo
516 2520 608 2558 fiant
635 2520 785 2570 aliquot
815 2534 932 2559 anno-

196 2582 281 2609 rum
304 2586 374 2611 usu
405 2587 468 2611 sex
499 2573 603 2611 libris
629 2574 795 2612 leviores.
855 2577 931 2613 Ita-

196 2639 271 2678 que
293 2626 409 2672 Nero,
438 2640 484 2664 ne
502 2640 548 2664 ea
574 2628 781 2678 quantitaS,
809 2641 924 2678 quam

194 2692 262 2718 nos
291 2680 405 2730 vulgo
435 2681 644 2718 diceremus
661 2682 718 2718 six
743 2695 812 2730 per
830 2689 924 2728 cent,

196 2734 267 2770 sibi
295 2733 493 2784 deperiret,
532 2734 625 2772 nihil
656 2738 815 2782 nummi,
853 2737 922 2774 uisi

194 2799 385 2837 asperum,
413 2789 567 2838 recepit.

248 2838 268 2860 ⁴
285 2840 518 2879 Pusulatum.
550 2841 707 2879 Sueton.
728 2843 822 2880 ibid.
852 2844 924 2880 Ar-

194 2901 347 2944 gentum
393 2903 449 2932 est
496 2892 754 2946 purissimum.
830 2896 923 2941 Quo

193 2948 291 2989 enim
311 2948 458 2999 purius,
485 2948 530 2986 οὐ
548 2947 675 2999 plures
694 2948 855 2999 pusulae.

1000 2044 1038 2078 3
1083 2039 1184 2077 Auri
1219 2039 1501 2088 experimentum
1531 2037 1631 2087 ignis
1661 2040 1732 2081 cst,

998 2099 1041 2131 ut
1073 2093 1185 2131 simili
1221 2093 1344 2130 colore
1375 2091 1519 2136 rubeat,
1546 2091 1731 2141 ignescat

1000 2160 1092 2197 que.-
1135 2146 1176 2184 id
1209 2146 1327 2196 ipsum
1360 2145 1548 2186 obrussam
1581 2147 1731 2185 vocant.

1001 2200 1166 2238 Videtur
1201 2208 1344 2245 autem,
1389 2207 1434 2235 ut
1476 2197 1515 2234 in
1564 2196 1732 2247 Imperio

999 2253 1182 2299 Tureico,
1210 2253 1314 2302 quod
1339 2251 1463 2289 multa
1481 2250 1635 2302 Imperii
1648 2249 1733 2288 Ro-

1002 2307 1103 2345 mani
1139 2307 1286 2352 retinet,
1325 2306 1457 2356 pun'or
1488 2310 1544 2342 est
1577 2311 1730 2342 moneta

1002 2368 1083 2398 tum
1119 2368 1306 2411 argentea,
1353 2366 1433 2396 tum
1467 2367 1597 2403 aurea,
1642 2369 1730 2407 quae

1001 2413 1345 2463 Constantinopoli,
1373 2411 1489 2462 quam
1518 2423 1605 2461 quae
1624 2408 1728 2449 Cairi

1002 2468 1039 2505 in
1065 2469 1162 2517 AEgy
1165 2475 1231 2517 pto
1257 2466 1459 2507 conflatur,
1489 2463 1546 2502 sic
1574 2476 1730 2515 quoque

1002 2521 1192 2571 puriorem
1214 2521 1359 2564 Rmnae,
1386 2531 1502 2568 quam
1522 2517 1561 2554 in
1579 2517 1733 2568 provin·

1003 2575 1086 2619 ciis,
1114 2574 1316 2612 conflatam
1336 2572 1448 2610 fuisse
1465 2579 1669 2609 monetam·

1054 2624 1071 2644 ⁶
1100 2627 1316 2665 Advexisse.
1372 2627 1527 2663 Suetou.
1561 2625 1599 2662 in
1635 2623 1729 2662 Ner.

1003 2693 1103 2719 xtv.
1162 2682 1222 2718 De
1240 2681 1312 2718 hoc
1333 2692 1403 2717 usu
1422 2677 1586 2728 pulveris
1605 2676 1729 2715 Nilia-

1002 2735 1066 2772 ci«
1057 2735 1237 2772 dictum
1223 2745 1444 2784 supracz-np
1461 2735 1527 2769 38.
1546 2737 1625 2769 not.
1641 2731 1711 2770 inf.

1054 2782 1070 2808 ⁷
1119 2787 1308 2826 Vindicem
1349 2798 1512 2837 poscere.
1573 2784 1730 2823 Sueten.

1002 2841 1076 2879 loc.
1109 2841 1174 2878 cit.
1231 2840 1371 2890 Sicque
1405 2838 1633 2885 alludentes,
1657 2837 1731 2877 Ju-

1001 2894 1096 2932 lium
1138 2894 1354 2939 Vindicem,
1393 2891 1579 2930 libertatis
1623 2891 1730 2942 apud

1002 2948 1137 2988 Gallos
1154 2948 1396 2994 adsertorem,
1423 2945 1662 2984 invocabant.
