1768 3236
75 205 258 253 J.c.67.
376 204 521 263 LIBRI
552 202 755 242 DECIMI
785 202 944 241 SEXTI
974 202 1291 246 ANNALIUM.
1544 209 1626 251 459

77 329 165 378 pro
200 325 441 360 scenarum
469 307 662 380 ratione,
694 311 820 353 minc
850 303 1023 364 furere,
1056 322 1182 354 nunc
1221 306 1464 371 parturire,
1495 322 1623 358 nunc

79 388 327 446 excaecari,
360 385 506 433 modo
542 381 754 448 religari:
774 384 786 403 ¹
821 382 868 429 id
895 383 1080 431 tantum
1115 399 1277 432 cavere
1298 388 1357 432 ne
1379 383 1504 433 ferro
1526 385 1622 434 vio-

79 468 282 514 larentur
299 468 316 486 ²
359 460 668 530 Imperatoriae
721 475 902 519 manus,
957 459 1087 524 quasi
1129 461 1278 510 aureis
1300 463 1622 526 ‘compedibus

44 582 50 591 .
82 543 239 591 minus
270 541 613 589 sordescerent:
650 547 771 585 totos
791 537 905 585 verb
929 537 1026 585 dies
1046 536 1096 584 in
1117 538 1218 586 haec
1242 539 1417 587 ludicra
1437 541 1498 589 ita
1518 540 1623 589 soli-

79 619 168 669 cite
204 618 488 683 impendere,
522 628 574 664 ut
611 616 785 674 abesse,
819 615 1009 674 taedere,
1042 615 1186 663 otiose
1225 628 1447 680 spectare,
1480 618 1621 667 disce.

78 696 189 746 dere
210 695 338 746 nefas
360 694 481 745 foret
501 692 642 765 poena
665 693 978 758 expiandum-³

96 852 101 859 ’
147 859 228 899 51.
265 852 345 899 ΟΒ
380 849 429 898 id
466 865 574 897 reus
597 848 936 913 Vespasianu8‚⁴
968 848 1208 914 quodque,
1242 862 1431 899 canente
1452 849 1624 900 Princi-

79 946 156 994 pe,
207 928 460 976 discederet
503 925 692 990 saepiuS‚
739 937 816 973 aut
854 942 1057 990 praesens
1100 927 1478 987 obdormisceret,
1526 944 1624 977 non

80 1005 381 1056 contubernio
425 1003 626 1061 tantum,
651 1010 655 1014 “
683 1002 765 1050 sed
808 1002 993 1066 publica
1038 1003 1173 1051 etiam
1211 1005 1483 1061 ,salutatione
1534 1005 1623 1055 fuit

78 1082 350 1148 prohibitus.
417 1083 611 1144 Jamque
634 1090 841 1127 extrema
863 1091 1089 1140 metuens,
1122 1082 1171 1129 in
1206 1082 1390 1130 devium
1430 1083 1623 1147 oppidu-

83 1161 182 1210 lum
205 1170 468 1217 secesserat,
500 1156 648 1205 intuta
678 1157 828 1205 adhuc
854 1157 1044 1216 latebra,
1077 1158 1125 1205 ni
1147 1175 1277 1220 mox,
1311 1158 1413 1207 fatis
1435 1177 1544 1208 eum
1565 1161 1624 1208 ad

80 1242 262 1287 summa
277 1236 564 1294 vocantibus,
597 1236 737 1283 rebus
752 1235 800 1282 in
816 1234 978 1292 Judaea
1000 1235 1190 1284 adflictis
1211 1234 1464 1302 fugatoque
1484 1237 1624 1286 Cestii

81 1315 209 1363 Galli
224 1318 238 1343 ⁵
283 1313 503 1362 exercitui
548 1313 776 1377 suppetias
813 1312 935 1361 ferre
965 1316 1118 1379 jussus
1157 1325 1286 1362 esset.
1355 1313 1480 1361 Mira
1513 1314 1623 1363 sane

78 1390 279 1448 fortunae
301 1390 482 1449 natura,
518 1408 640 1454 quae,
674 1408 758 1454 per
779 1407 852 1438 res
875 1391 1086 1439 adversas
1110 1393 1429 1456 Romanaeque
1465 1394 1624 1459 majes-

79 1469 182 1519 tatis
204 1468 416 1527 ludibria,
441 1467 638 1531 Imperio
661 1467 878 1526 ultorem,
901 1469 1270 1533 Principemque,
1293 1468 1454 1533 priscae
1477 1469 1623 1534 digni

78 1546 180 1594 tatis
205 1557 251 1594 et
272 1545 518 1601 severitatis
540 1544 786 1604 vindicem,
820 1546 1085 1601 destinabat.
1086 1563 1111 1570 ‘

146 1709 227 1749 52.
263 1703 499 1749 INTERnu
523 1703 673 1761 Nero,
704 1702 1000 1750 oraculorum
1022 1703 1233 1761 vanitate,
1256 1697 1429 1750 acr'iore
1450 1702 1623 1752 Princi-

80 1795 195 1842 pum
217 1779 402 1827 libidine
431 1796 665 1838 accensus,
701 1780 919 1828 ludorum
941 1780 1140 1828 infamiae
1164 1780 1390 1828 scelerum
1412 1791 1622 1843 portenta
1668 1798 1672 1802 ’

78 1856 248 1908 addere
267 1876 282 1915 3
318 1873 529 1921 novaque
551 1857 830 1922 excogitare,
863 1874 923 1905 ne
943 1858 1095 1921 ipsum
1117 1857 1410 1921 plebemque,
1433 1856 1622 1922 flagitio,

77 1949 186 1980 rum
207 1933 504 1981 adsuetudine
526 1951 774 1994 morosam,
808 1935 1021 1984 varietate
1057 1921 1293 1994 mobilem,
1327 1934 1457 1982 satias
1492 1951 1622 1998 cape-

77 2022 162 2059 ret.
230 2010 393 2075 Igitur,
421 2012 517 2075 jam
555 2012 869 2060 obsolescen'te
901 2014 1178 2079 Pythagorae
1217 2011 1466 2070 connubio,
1513 2012 1621 2063 alias

78 2082 341 2152 superaddit
374 2089 553 2153 nuptias
568 2109 583 2150 ;
601 2088 619 2112 ⁶
651 2101 696 2139 et
718 2092 939 2156 Sporum,
975 2090 1003 2139 a
1025 2090 1256 2156 Tigellino
1287 2106 1395 2139 cum
1429 2089 1537 2138 dote
1572 2101 1619 2138 et

135 2253 147 2270 ¹
195 2254 314 2292 Modb
347 2255 518 2305 religari.
576 2256 731 2294 Sueton.
768 2257 808 2294 in
842 2267 849 2277 ’
941 2256 960 2275 ²
988 2257 1106 2295 Ferro
1125 2257 1370 2296 violarentur.
1413 2257 1504 2303 Dio,
1522 2257 1616 2296 ibid.

80 2308 173 2345 Ner.
194 2320 290 2346 XXI.
344 2308 456 2346 Inter
486 2314 610 2350 cetera
640 2312 809 2355 cantavit
943 2307 957 2330 ³
987 2310 1102 2349 Poend
1119 2311 1346 2361 expiandum.
1404 2311 1560 2349 Sueton.
1578 2312 1618 2349 in

82 2359 252 2400 Canacen
301 2363 584 2412 parturientem,
640 2364 806 2402 Orestem
890 2365 982 2402 Ner.
1002 2377 1136 2402 xxul.

79 2415 323 2459 matricidam,
341 2416 558 2466 OEdipodem
577 2424 808 2463 eoeccecatum,
939 2417 958 2439 ⁴
986 2418 1085 2456 Reus
1108 2417 1145 2455 V
1142 2418 1366 2468 espasianus.
1411 2418 1616 2456 Suetonius

8 2472 11 2473 ’
79 2467 315 2506 Herculem
302 2482 481 2506 znsanum.
522 2468 570 2507 In
591 2470 808 2522 ᾳιιά]ἰιόιιῖᾶ
887 2473 924 2509 in
946 2472 1103 2521 Vespas.
1123 2484 1182 2508 1v.

66 2522 180 2574 fama
199 2526 254 2559 est
280 2521 503 2560 tirunculum
531 2524 683 2561 militem
709 2526 808 2575 posi·
940 2522 956 2545 ⁵
986 2525 1102 2564 Cestii
1129 2523 1249 2563 Galli.
1304 2525 1366 2563 De
1391 2537 1473 2576 quo-
1499 2536 1615 2575 supra

79 2580 156 2615 tum
173 2576 224 2613 ad
242 2576 444 2613 custodiam
461 2574 600 2623 aditus,
628 2575 708 2614 mim
727 2591 806 2615 eum
885 2591 975 2628 cap.
991 2583 1054 2621 47.

37 2641 52 2655 ι’
78 2617 223 2666 ονηανί
226 2641 269 2666 ac
291 2629 427 2667 zinciri
453 2630 605 2675 catenis,
630 2630 728 2668 siout
746 2644 808 2670 ar·
938 2628 957 2650 ⁶
985 2631 1213 2682 Superaddit
1255 2630 1417 2680 nuptias.
1471 2631 1533 2668 lta
1560 2637 1616 2669 ta-

74 2687 288 2742 gumentum
309 2682 537 2732 postulabat,
565 2676 722 2729 videret,
749 2697 810 2722 ac·
888 2698 986 2733 men,
1015 2693 1059 2724 ut
1076 2684 1189 2723 simul
1207 2692 1245 2723 et
1263 2685 1515 2735 Pythagoram
1535 2698 1614 2722 ma-

78 2734 418 2786 'currisseserendoe
435 2737 511 2786 opis
529 2735 674 2786 gratia.
711 2737 809 2783 Qui·
887 2739 1017 2785 ritum,
1028 2747 1066 2776 et
1084 2739 1250 2788 Sporum
1271 2751 1428 2775 uxorem
1447 2737 1614 2783 haberet,

79 2788 167 2825 dam
186 2789 448 2840 interrogatus,
465 2790 554 2840 quid
556 2790 713 2841 faceret
733 2791 808 2828 Im·
885 2787 964 2840 ἅμα
982 2792 1030 2842 τᾷ
1041 2789 1161 2855 Νέςωνι
1172 2789 1380 2844 Πυθαγόρας
1393 2789 1449 2840 μὲν
1467 2789 1509 2833 ὦς
1523 2789 1564 2828 οἶν
1565 2808 1614 2844 ng,

73 2846 244 2892 perator,
283 2843 475 2893 respondit
508 2843 643 2889 facete,
662 2844 806 2882 ‘Paria
886 2843 962 2881 Zau-¹
948 2862 1014 2897 ⁰2⁶⁶
1033 2841 1107 2883 δὲ
1080 2861 1123 2886 υς
1133 2845 1225 2890 γυνή.
1255 2845 1346 2891 Dio,
1362 2845 1464 2882 Libr.
1484 2856 1615 2883 Lxlu.

79 2895 257 2933 Canacen
274 2897 375 2934 enim
393 2897 540 2947 agebat.
597 2896 690 2946 Dio,
721 2898 807 2937 Lib.
887 2911 925 2948 p.
942 2904 1037 2942 721.
1091 2899 1193 2936 Chm
1239 2911 1402 2949 puerum
1449 2898 1614 2948 Sporum

78 2959 203 2995 txxu.
221 2962 259 3001 p.
279 2953 371 2995 720.
887 2964 1045 2992 ux01em
1073 2951 1201 3000 duxit,
1228 2958 1322 2990 tunc
1350 2951 1526 3002 vulgatus
1554 2965 1618 2992 cus
