1768 3236
473 194 620 234 LIBRI
649 191 858 233 OCTAVI
889 193 1207 233 ANNALIUM.

72 198 169 239 J.C.
186 200 255 242 39.
1535 201 1614 242 299

72 301 261 351 nomine
310 297 440 366 regio
484 298 752 356 clarescere,
791 296 1026 357 maritum,
1063 298 1124 344 ad
1164 297 1328 356 otium,
1369 297 1515 363 quam
1557 300 1616 347 ad

72 379 286 445 gloriam,
309 376 592 441 proniorem,
605 375 737 440 regni
751 373 964 438 cupidine
986 373 1112 440 aegre
1130 374 1380 422 succendit.
1437 376 1616 436 Αηὼο,

76 457 280 505 Romam
301 453 512 519 profecti,
536 464 587 500 ut
603 451 832 518 dignitatis
847 449 1154 499 accessionem
1185 451 1454 501 muneribus
1470 470 1616 502 emer-

4 521 5 526 *
74 543 305 592 carentur,
330 532 516 590 Caium,
533 529 663 596 regio
677 530 795 578 luxu
813 527 964 605 littora
987 527 1254 592 Campaniae
1276 542 1615 595 peragrantem,

76 609 196 659 Baiis
217 612 462 675 reperere.¹

145 761 220 802 18.
255 754 328 803 Eo
368 753 504 802 simul
549 753 672 803 venit
709 753 1024 812 FortunatuS,²
1070 753 1129 801 ab
1185 751 1400 817 Agrippa
1451 753 1614 802 missus

11 887 14 889 Α
73 848 184 880 cum
218 831 375 891 literis,
419 831 586 896 quibus
625 832 865 879 Herodem
899 830 1139 880 accusabat
1186 835 1219 857 “
1243 830 1464 878 societatis
1503 848 1612 880 cum

74 913 108 936 ‘⁶
143 909 415 967 Artabano,³
449 924 768 971 novarumque
802 923 980 965 rerum,
1020 923 1151 970 quas,
1185 907 1405 966 collectis,
1445 909 1612 972 quibus

76 990 111 1014 “
143 987 427 1051 septuaginta
444 986 586 1033 millia
601 985 846 1033 hominum
867 995 1082 1043 armaret,
1094 984 1268 1032 bellicis
1284 985 1614 1044 instrumentis,

74 1067 109 1097 ‘⁶
142 1061 373 1111 fovebat.''
440 1064 498 1112 Iis
535 1063 564 1111 a
603 1062 718 1112 Caio
757 1061 986 1126 perlectis,
1007 1063 1266 1121 Herodem,
1295 1063 1355 1110 de
1376 1051 1614 1111 armorum

73 1140 364 1193 multitudine
387 1141 550 1189 callide
573 1141 925 1205 interrogatum,
948 1151 994 1187 et
1021 1157 1084 1187 ex
1105 1138 1392 1190 confessione
1413 1140 1614 1188 criminis

71 1229 354 1282 suspectum,
397 1218 642 1267 tetrarchia
693 1219 950 1283 opibusque
1003 1218 1149 1276 exuit,
1201 1230 1246 1265 et
1300 1220 1615 1283 Lugdunum*

73 1295 321 1361 relegavit:
371 1297 534 1347 exulis·
555 1296 822 1362 dignitatem
857 1313 1082 1361 opesque,
1119 1295 1284 1344 veteris
1328 1295 1534 1344 amicitiae
1569 1306 1617 1343 et

73 1389 208 1422 novae
236 1373 394 1439 gratiae
433 1375 697 1438 praemium,
736 1374 962 1439 Agrippae
1001 1374 1231 1439 elargitus.
1300 1373 1422 1422 Mox
1457 1374 1614 1422 audito

70 1451 385 1499 Herodiadem
423 1454 521 1517 ejus
556 1469 764 1500 sororem
794 1468 910 1510 esse,
938 1468 1045 1499 suas
1077 1451 1118 1499 ei
1148 1450 1363 1515 pecunias
1392 1450 1611 1515 permisit.

71 1531 141 1576 At
161 1528 339 1594 injuriae
369 1530 583 1595 regaliter
611 1529 870 1593 impatiens,
908 1534 942 1557 “
965 1547 1014 1578 se
1047 1529 1160 1577 olim
1199 1545 1451 1592 prosperae,
1487 1544 1612 1576 nunc

75 1611 110 1639 “
132 1607 335 1659 adversae
370 1607 519 1655 mariti
549 1606 749 1656 fortunae
787 1608 957 1656 sociam
981 1624 1078 1655 esse
1099 1607 1254 1655 velle'’
1287 1605 1492 1670 professa
1530 1616 1612 1652 est.

72 1684 233 1733 Tantis
289 1685 449 1734 animis
503 1685 744 1734 muliebria
798 1684 906 1739 vitia
958 1684 1170 1743 redemit,
1224 1684 1306 1731 sed
1357 1683 1612 1732 libertatem

73 1761 235 1811 amisit.
239 1765 256 1790 ⁵

142 1923 218 1965 19.
253 1920 508 1982 INTERIM,
548 1920 688 1970 Caius
741 1936 912 1976 novam
967 1917 1291 1970 criminationis
1357 1915 1611 1976 materiem,

71 1993 359 2059 Principibus
381 2013 563 2061 semper
600 1998 883 2056 indecoram,
913 2011 1035 2062 saepe
1069 1994 1405 2053 infoecundam,
1427 1993 1610 2058 reperit.

69 2072 368 2137 Ingeniorum
388 2070 622 2134 aemulus,⁶
656 2093 742 2124 nec
771 2075 1015 2140 scriptores
1052 2075 1237 2122 tantum
1277 2071 1371 2120 fato
1409 2070 1611 2128 functos,

70 2147 284 2214 vincique
326 2149 500 2211 faciles,
541 2153 806 2201 calumniari
853 2170 1009 2212 ausus,
1065 2150 1329 2217 superstites
1382 2148 1612 2197 exitialius

877 2333 918 2370 in
953 2332 1061 2377 Caio,
1109 2341 1268 2369 xxxxv.
1340 2327 1533 2380 Cogitavit
1568 2329 1612 2366 de

879 2386 1038 2424 Homeri
1055 2383 1276 2423 carminibus
1293 2382 1493 2420 abolendis.
1535 2381 1612 2419 Car

126 2326 140 2344 ¹
170 2329 368 2378 Reperere.

455 2330 608 2382 Joseph.
668 2333 801 2384 Antiq.

71 2381 227 2420 Judaic.
246 2395 376 2419 xv111.
391 2387 430 2426 7.

124 2431 144 2450 ²
174 2435 286 2473 Venit
331 2436 576 2476 fortunatus.

71 2488 232 2527 loc.cit.

123 2539 139 2562 ³
169 2543 378 2582 Artabano.
428 2546 626 2584 Artabano
641 2546 694 2584 ΙΙ.
712 2546 803 2583 Par-

70 2595 222 2640 thorum
235 2610 332 2648 rege.
351 2597 452 2636 Vide
467 2599 657 2638 Canonem
670 2612 800 2650 regum

70 2650 312 2688 Parthorum.

121 2701 142 2724 ⁴
169 2703 404 2755 Lugdunum.
459 2707 578 2745 Nunc
597 2705 734 2757 LyonS.

124 2755 140 2777 ⁸
169 2757 397 2798 Libertatem
416 2760 554 2799 amisit.
608 2761 672 2797 Ab
703 2762 799 2799 irato

71 2811 247 2862 Pn‘ncipe
276 2812 315 2848 in
342 2812 505 2851 exilium
539 2826 628 2852 cum
663 2815 800 2852 marito

69 2871 158 2902 acta
189 2874 265 2902 est:
303 2866 462 2919 ejusque
495 2879 585 2917 opes
618 2868 799 2920 Agrippa

69 2924 159 2955 sunt
176 2918 286 2956 datae.
305 2915 419 2970 Josep
422 2919 460 2958 h.
479 2920 573 2958 ibid.

122 2965 142 2988 ⁶
170 2971 414 3023 Ingeniorum
429 2974 592 3012 aemalue.
642 2974 799 3012 Sueton.

645 2439 668 2478 J
672 2440 801 2491 oseph

879 2440 974 2477 enim
1007 2453 1078 2476 non
1105 2438 1174 2475 sibi
1209 2437 1322 2474 licere
1351 2437 1486 2476 dicens
1516 2437 1613 2496 qaod

879 2493 1035 2539 Platoni
1069 2490 1246 2535 licuisset,
1271 2490 1336 2541 qui
1365 2503 1444 2527 eum
1473 2487 1496 2526 ὲ
1522 2490 1570 2527 ci:
1573 2490 1613 2526 i·

880 2552 973 2593 tate,
1005 2558 1111 2596 quam
1147 2543 1406 2584 constituebat,
1445 2543 1611 2593 ejecerit.

875 2600 956 2640 Sed
975 2599 1130 2661 Virgilii
1159 2604 1195 2635 et
1229 2597 1311 2634 Titi
1339 2596 1442 2634 Livii
1469 2610 1507 2633 se
1512 2594 1613 2646 ripta

881 2660 918 2692 et
951 2653 1141 2704 imagines,
1173 2651 1325 2702 paulum
1357 2650 1479 2700 abfuit
1523 2664 1609 2701 qam

879 2721 923 2746 ex
939 2708 1103 2745 omnibus
1133 2704 1362 2743 bibliothecis·
1392 2703 1495 2741 αηιότ
1492 2717 1553 2740 er
1556 2709 1606 2741 t.-

878 2773 1031 2812 quorum
1050 2760 1221 2803 alterum,
1241 2764 1283 2795 ut
1302 2757 1470 2795 nullius
1457 2770 1578 2808 tugen
1571 2758 1607 2798 i.

1639 1424 1665 1459 ἰν

877 2814 1102 2864 min-imoeque
1130 2812 1335 2850 doctrinae:
1365 2812 1539 2855 alterum,
1568 2817 1611 2847 ut
1658 2834 1661 2838 -

876 2868 1065 2906 verbosum
1087 2867 1128 2904 iu
1155 2863 1315 2904 historici
1349 2865 1609 2923 negligentem-

877 2935 946 2971 que
964 2921 1151 2971 carpebat.
