1768 3236
209 183 288 230 594.
606 168 772 221 uo'rAE
802 179 872 219 ΕΤ
899 168 1342 221 EMENDA'rmNEs'

274 281 333 326 Ut
352 282 456 327 vires
470 281 774 326 rebellantibus.
831 279 899 325 Ita
917 281 1141 325 Rhenanus
1170 291 1212 325 et
1244 282 1497 328 recentiores.
1557 283 1608 328 ln
1636 286 1753 331 ‘vete‘-

208 357 322 402 ribus
341 356 602 410 editionibus,
632 364 671 400 et
690 356 814 400 viros.
906 375 918 408 ῃ

270 506 391 550 ΟΑΡ.
417 511 482 550 15.
514 505 557 549 Ε
576 505 722 564 quibus
743 504 902 563 legatus
924 527 937 541 ·
954 528 964 540 ·
982 527 994 540 ·
1010 528 1022 544 ι
1042 504 1214 549 saeviret.
1273 506 1427 550 Mallet
1446 507 1515 551 Cl.
1537 508 1751 562 Emeum,

209 585 232 628 ὲ
252 581 399 643 quibus
417 580 598 639 legatum
619 603 631 615 ·
648 603 660 616 ·
676 603 688 616 ·
705 602 718 616 ·
734 579 899 630 soevire5
928 580 992 622 vel
1007 579 1028 622 ὲ
1047 578 1194 638 quibus
1214 580 1372 638 legatus
1394 603 1408 618 .
1423 605 1435 618 ·
1451 605 1464 618 ·
1479 603 1494 618 ·
1508 583 1664 626 saeviat.

273 655 407 715 AEqu&
427 654 686 698 concordiam
709 676 722 690 ·
738 677 750 690 ·
765 676 780 692 ν
795 676 808 690 ·
830 653 938 712 aque}
957 653 1219 697 discordiam.
1251 654 1380 699 Haud
1399 655 1516 700 aliter
1537 656 1754 711 Horatius,

217 747 251 776 1.
283 733 414 777 Serm.
437 744 470 773 1.
490 734 563 773 25.
1697 750 1699 753 ·

1184 878 1210 895 “
1231 874 1277 914 ld
1297 869 1402 927 quod

484 961 608 1015 AEque
625 960 856 1014 pauperibus
871 961 1039 1014 prodest,
1067 960 1323 1013 locupletibus
1342 963 1455 1013 aeque
1467 976 1480 1001 t

484 1050 610 1103 AEque
628 1048 847 1101 neglectum
864 1047 1000 1100 pueri5‚
1030 1046 1260 1100 senibusque
1279 1047 1470 1088 nocebit.·’

276 1212 464 1259 Alterius
484 1228 642 1267 manus,
671 1213 924 1257 centuriones
944 1211 1126 1256 alterius.
1187 1213 1410 1271 Pei-peram
1431 1210 1628 1257 editiones
1645 1221 1755 1257 vete-

217 1304 295 1342 res,
324 1287 493 1331 alterius
512 1303 657 1331 manus
678 1288 939 1340 centurionis,
970 1287 1140 1330 alterius
1176 1288 1273 1341 vim,
1302 1289 1371 1338 850.
1430 1287 1518 1331 Alii
1552 1287 1681 1340 aliter,
1710 1295 1755 1330 et

217 1359 395 1422 pessime
429 1363 709 1405 emendabant.
769 1362 947 1419 Egregie
968 1361 1221 1415 Gronovius,
1251 1363 1345 1405 cinn
1370 1362 1461 1420 jam
1495 1363 1754 1421 emendatum

219 1445 340 1490 esset,
370 1437 634 1490 centuriones,
663 1436 803 1480 locum
823 1436 1008 1490 restituit,
1039 1436 1176 1479 addit-21
1197 1436 1455 1480 distinctione
1474 1445 1570 1493 post
1595 1433 1757 1480 manus.

220 1510 383 1556 Passim
404 1520 541 1554 autem
559 1511 599 1554 in
619 1512 884 1568 scriptoribus
898 1527 946 1554 ac
965 1511 1141 1554 maxime
1164 1510 1384 1554 Historicis
1400 1510 1591 1564 occurrit,
1610 1523 1758 1555 manus

217 1585 425 1638 clientum,
453 1601 598 1628 manus
616 1601 822 1628 servorum
841 1602 918 1642 pro
949 1586 1159 1637 clientum,
1189 1601 1447 1628 servorumve
1480 1583 1758 1629 multitudine.

220 1659 335 1704 Mihi
356 1661 547 1704 servanda
565 1660 688 1703 lectio
708 1659 871 1717 vulgata
889 1670 931 1705 et
951 1653 1151 1703 consensu
1170 1660 1369 1703 librorum
1387 1659 1562 1703 stabilita
1582 1646 1754 1704 videtui.

221 1734 392 1793 Nempe
408 1735 452 1777 τὸ
472 1735 635 1778 miscere
655 1750 737 1777 non
758 1736 1014 1778 referendum
1035 1744 1095 1778 est
1114 1736 1165 1778 ad
1185 1735 1370 1786 alterius,
1389 1735 1462 1776 sed
1480 1733 1755 1790 concordiam,

220 1812 263 1853 et
283 1810 540 1854 concordiam
567 1809 793 1861 exitiosum,
828 1810 906 1852 hoc
929 1826 1075 1853 sensu:
1123 1810 1206 1852 sive
1240 1810 1464 1852 concordes
1496 1817 1631 1867 agant,
1669 1808 1757 1853 sive

218 1885 440 1937 discordes,
469 1885 519 1927 ad
539 1883 709 1927 exitium
728 1893 911 1931 nostrum
933 1884 1179 1942 conspirant.
1239 1883 1359 1927 Alter
1378 1884 1486 1926 enim
1505 1883 1543 1926 vi
1578 1871 1755 1938 militari,

221 1959 323 2003 alter
342 1958 492 2015 rapinis
511 1957 848 2016 contumeliisque
867 1975 940 2001 nos
961 1959 1126 2015 adfligit.
1187 1952 1312 2000 Misc.
1335 1957 1442 2001 Obs.
1466 1971 1533 1999 ix,
1554 1955 1673 2000 355(
1692 1956 1694 1958 ¹

280 2032 526 2076 Inzbellibus
544 2032 663 2090 eripi.
722 2033 824 2076 MS.
846 2033 979 2075 Vatie
999 2039 1126 2082 3429.
1157 2031 1439 2075 imbecillibus.

283 2106 544 2153 Quantula-m
562 2096 878 2150 enim'nzilitum.
937 2106 1003 2150 Ita
1026 2107 1163 2151 MSS.
1185 2106 1319 2151 Vatic.
1350 2106 1471 2151 Unde
1491 2105 1658 2150 omnino
1677 2105 1759 2149 fuit

220 2181 537 2233 emendandum‚·
556 2182 667 2238 quod
686 2180 839 2225 habent
854 2180 948 2225 libri
963 2181 1074 2233 editi,
1094 2187 1292 2239 quantum
1312 2179 1418 2224 enim
1437 2179 1629 2224 militum.
1656 2178 1756 2224 Jam

221 2243 444 2298 tentaverat
471 2253 745 2306 Boxhornius,
775 2255 1037 2314 quantillum.

279 2327 413 2371 Μοιῐό
433 2327 616 2371 virtutes.
677 2328 779 2372 MS.
802 2329 939 2372 Vatic.
970 2335 1098 2379 3429.
1132 2330 1338 2373 virtutem.

281 2401 391 2446 Plus
426 2401 609 2460 imperiis.
669 2401 879 2447 Acidalius
924 2403 1128 2447 existimat
1179 2412 1289 2460 post,
1338 2404 1508 2461 impetus
1561 2401 1758 2446 excidisse

220 2477 409 2536 integriS,
437 2486 483 2520 ut
503 2484 739 2534 opponatur
756 2477 924 2531 miseriti,
983 2479 1033 2520 de
1054 2478 1201 2536 quibus
1221 2493 1317 2520 mox
1335 2477 1480 2534 agitur.
1537 2476 1599 2520 At
1615 2475 1756 2525 locum

221 2551 424 2608 integrum
455 2559 572 2608 puto.
634 2550 768 2594 Penes
798 2552 967 2596 miseros
1001 2551 1093 2609 plus
1124 2562 1187 2595 est
1218 2551 1394 2610 impetus
1429 2560 1470 2594 et
1508 2546 1758 2632 constantias.

222 2625 413 2682 Impetus
431 2624 498 2701 ilke
519 2627 657 2668 furore
676 2626 925 2669 accenditur.

283 2698 671 2758 Relegatum.1ta
715 2698 809 2743 libri
859 2717 1000 2745 omnes
1036 2701 1149 2745 editi.
1206 2701 1372 2745 Frustra
1410 2706 1536 2743 tentat
1573 2697 1758 2757 Lipsius,

220 2772 458 2831 religatum.

281 2895 403 2940 CAP.
428 2898 494 2941 16.
527 2896 752 2942 Boudicca.
814 2898 884 2941 De
903 2899 1022 2957 hujus
1044 2899 1191 2956 regina:
1210 2899 1374 2941 nomine
1407 2898 1561 2941 dictum
1590 2895 1686 2940 saitis
1713 2896 1757 2940 iu

223 2978 308 3014 not.
327 2979 368 3014 et
387 2972 545 3015 emend.
565 2973 616 3016 ad
637 2971 787 3017 Annal.
811 2988 914 3017 κη’.
944 2980 1014 3018 31.
1074 2974 1163 3019 Hic
1185 2973 1287 3018 MS.
1306 2972 1438 3016 vatic.
1460 2976 1586 3037 3429.
1615 2966 1757 3024 habet,
