1768 3236
352 213 431 252 AD
461 210 761 251 DlALOGUM
791 210 866 250 DE
895 209 1261 250 ORATORIBUS.
1501 207 1581 250 635

46 317 217 369 semisse,
233 314 364 374 Angl.
389 314 448 358 ΩΙ.
468 321 527 360 8³.
558 311 764 357 Praeterea
793 314 845 356 de
877 313 1043 356 basilica
1070 312 1100 356 J
1105 312 1188 355 ulia
1215 311 1361 369 sparsit
1392 311 1585 368 Caligula

49 411 195 438 aureos
227 403 269 438 et
305 403 539 450 argenteos;
589 393 632 435 in
666 393 747 450 qua
785 392 928 454 rapina
964 392 1171 448 perierunt
1206 390 1391 435 homines
1427 406 1581 442 xxxxi

54 483 270 512 cchvir.
329 469 401 521 At,
432 477 479 511 ut
509 466 625 524 puto,
659 482 851 510 numeros
877 468 1095 509 turbarunt
1124 465 1292 508 librarii.
1354 465 1588 508 Emendan-

53 549 152 590 dum
185 547 286 590 mihi
314 547 495 590 videtur:
537 545 684 603 sparsit
721 563 865 589 aureos
898 548 941 589 et
975 555 1186 600 argenteos
1212 561 1395 589 *xxxlh
1432 545 1472 587 id
1511 555 1588 600 est,

54 628 273 664 aureorum
293 630 334 664 et
361 630 646 677 argenteorum
666 620 827 677 triginta
858 621 941 663 duo
961 618 1103 672 millia,
1132 618 1172 661 in
1192 621 1274 676 qua
1294 619 1439 677 rapina
1458 620 1590 676 perie-

56 705 151 738 runt
169 695 355 738 homines
377 709 592 738 ccxlsn.
875 666 895 702 Ι

115 845 450 900 CLAUDIUS,
470 846 525 888 A.
544 843 600 888 U.
619 844 671 887 C.
692 849 791 892 798.
813 844 1069 902 congiarium
1087 845 1196 888 dedit
1228 845 1419 892 denarios
1448 846 1593 904 quinos

57 929 94 965 el
113 929 390 979 septuagenos,
424 920 556 977 Angl.
588 918 645 962 2l.
672 925 755 960 lOs.
778 918 880 961 MS.
901 918 1138 961 Vindobon.
1197 919 1262 962 Ita
1292 909 1456 977 quoilue
1488 920 1592 972 Dio,

24 995 31 1006 ⁶
61 1009 141 1038 Lx.
165 1011 209 1051 p.
229 997 328 1039 682.
349 995 419 1052 qui
439 994 549 1036 addit
568 994 610 1035 in
628 993 708 1034 hac
728 992 939 1048 largitione
960 992 1099 1044 fuisse,
1121 993 1191 1049 qui
1222 993 1314 1049 plus
1345 993 1593 1050 acciperent,

57 1069 264 1112 nonnullis
294 1069 416 1123 etiam
437 1070 555 1111 datos
575 1067 689 1110 mille
708 1068 906 1108 ducentos
927 1067 1218 1124 quinquaginta
1239 1083 1444 1120 nummos,
1462 1069 1594 1126 Angl.

60 1143 149 1187 Ἰοῖ.
171 1149 229 1186 8³.
249 1143 321 1187 4d.
353 1141 507 1185 Postea
528 1143 583 1184 A.
602 1141 658 1183 U.
676 1139 727 1183 C.
749 1146 847 1184 804.
878 1141 972 1183 cum
997 1140 1112 1183 Nero
1139 1142 1329 1199 princeps
1357 1141 1598 1185 Juventutis

60 1218 349 1274 appellaretur,
417 1217 600 1260 additum
661 1224 724 1258 est
770 1215 934 1258 nomine
992 1216 1079 1273 ejus
1132 1217 1399 1273 congiarium,
1459 1216 1599 1259 Tacit.

63 1291 215 1336 Annal.
240 1306 332 1335 xn.
353 1298 423 1336 41.

127 1444 320 1498 NERO,
353 1442 535 1499 Augusti
565 1441 908 1498 magnificentiam
939 1442 1166 1495 aemulatus,
1196 1443 1453 1501 congiarium
1487 1443 1600 1486 dedit

67 1518 371 1578 quadringenos
389 1532 583 1570 nummos,
604 1517 738 1575 Angl.
759 1516 817 1559 al.
837 1518 896 1559 6³.
917 1516 986 1559 sd.
1019 1517 1120 1560 MS.
1148 1517 1384 1561 Vindobou.
1405 1527 1446 1560 et
1463 1517 1603 1560 Tacit.

70 1591 223 1635 Annal.
268 1606 384 1634 xnr.
424 1597 495 1634 31.
543 1589 652 1634 Haec
693 1590 900 1646 Principis
937 1590 1157 1634 liberalitas
1193 1592 1370 1634 nummis
1408 1591 1606 1635 celebrari

70 1665 210 1722 coepit.
242 1664 439 1708 NERO
488 1663 738 1707 CLAVD.
780 1663 917 1706 CAE
933 1666 978 1707 S.
1009 1665 1165 1708 AVG.
1196 1665 1419 1708 GERM.
1450 1665 1504 1709 P.
1536 1666 1606 1710 M.

69 1741 177 1785 TR.
220 1740 273 1783 Ρ.
318 1738 402 1782 ΙΜ
416 1739 468 1781 Ρ.
511 1739 564 1781 P.
613 1738 664 1781 P.
709 1739 845 1794 capite
881 1738 1078 1782 laureato.
1139 1739 1207 1781 Ex
1245 1739 1416 1782 adversa
1450 1739 1608 1788 nummi

73 1826 202 1873 parte,
236 1812 584 1857 CONGIAR.
616 1811 772 1855 DAT.
805 1811 956 1855 POP.
999 1812 1039 1855 id
1071 1822 1147 1866 est,
1177 1814 1435 1871 congiarium
1462 1814 1608 1861 datum

66 1889 239 1948 populo,
269 1874 388 1930 Nero
414 1895 576 1943 togatus
597 1887 666 1928 dat
684 1886 949 1941 congiarium.
1010 1885 1059 1930 Iu
1088 1887 1176 1930 aliis
1196 1889 1356 1930 duobus
1382 1888 1478 1945 ejus·
1491 1904 1609 1931 num-

73 1963 165 2015 mis,
186 1959 528 2006 CONGIAR.
560 1959 637 2002 IL*
659 1969 701 2002 et
732 1960 1076 2004 CONGlAR.
1109 1961 1208 2005 ΙΙΙ.
1250 1962 1293 2005 id
1332 1971 1407 2015 est,
1442 1963 1610 2021 congia-

75 2038 183 2079 rium
199 2035 432 2086 secundum,
454 2034 710 2092 congiarium
729 2027 909 2077 iertium.
967 2034 1089 2078 Unde
1117 2036 1381 2079 manifestum
1401 2045 1463 2080 est
1492 2037 1611 2092 plura

17 2155 23 2161 ,
74 2110 198 2154 fuisse
210 2110 297 2167 ejus
311 2107 532 2165 congiaria.
560 2107 710 2150 Utrum
723 2107 769 2150 iis
781 2118 1068 2152 annumeretur
1078 2109 1332 2166 congiarium
1345 2112 1432 2168 ejus
1446 2111 1609 2155 nomine

119 2305 351 2339 TIBERIUS
382 2303 632 2339 CLAUDIUS
657 2301 746 2344 Imp.
771 2311 849 2334 ann.
863 2310 950 2334 xm.
973 2313 1019 2335 m.
1036 2292 1141 2337 vrus
1162 2305 1197 2338 d.
1218 2314 1338 2339 xxvn.
1377 2307 1484 2350 Cong.
1514 2308 1613 2343 dedit

77 2379 213 2404 xLxxV.
237 2370 315 2404 Hoc
330 2371 421 2413 Imp.
438 2368 585 2413 primum
598 2367 763 2400 venerarii
779 2372 815 2400 et
830 2368 975 2401 malefici
992 2369 1225 2411 comprehensi
1240 2375 1318 2403 sunt
1332 2373 1346 2412 3'
1358 2371 1509 2407 homines
1524 2382 1611 2407 xxv.

77 2434 237 2468 mulieres
251 2445 384 2468 cxxxv.
399 2436 444 2468 ad
463 2434 670 2476 supplicium
692 2434 788 2466 ducti
807 2438 897 2467 nunt.
945 2434 1013 2466 Hic
1035 2440 1142 2468 metas
1157 2435 1195 2467 in
1218 2426 1318 2469 Circo
1343 2437 1487 2470 maximo
1512 2437 1611 2472 deau-

78 2499 182 2533 ravit.
219 2499 381 2534 Excessit
395 2499 537 2544 palatio.

123 2633 261 2668 NERO
285 2633 475 2675 Imperator
495 2641 573 2664 aun.
596 2610 701 2663 xnir.
719 2639 819 2663 -m.V.
843 2628 877 2662 d.
894 2621 1029 2663 ixvul.
1060 2632 1169 2674 Cong.
1199 2632 1297 2666 dedit
1322 2643 1380 2667 xc.
1413 2634 1494 2670 Hoc
1521 2636 1612 2679 Imp.

78 2699 146 2734 fuit
168 2696 359 2740 polfiagus,
374 2697 511 2730 natione
526 2695 792 2736 Alexandrinus,
819 2695 953 2728 nomine
979 2695 1165 2739 Arpocras,
1189 2698 1244 2740 qui
1260 2699 1477 2732 manducavit
1492 2710 1613 2742 pauca,

26 2770 33 2793 2
78 2772 199 2806 aprum
221 2766 370 2801 coctum,
396 2762 554 2803 gallinam
582 2760 692 2793 vivam
718 2770 795 2793 cum
818 2769 893 2792 suas
918 2759 982 2792 sibi
1005 2761 1137 2802 pinnas,
1158 2771 1227 2807 ovgi
1246 2771 1281 2794 c.
1305 2763 1420 2805 pineas
1441 2773 1474 2798 c.
1496 2765 1612 2798 clavos

78 2826 271 2869 galligares,
287 2824 398 2858 vitrea
410 2824 535 2866 fracta,
550 2824 672 2856 thallos
689 2823 732 2857 de
746 2823 852 2865 scopa
866 2822 1011 2866 palmea,
1033 2834 1173 2867 mappas
1187 2834 1266 2858 1111.
1283 2828 1470 2869 porcellum
1484 2830 1613 2862 lactan-

79 2894 163 2931 tem,
177 2890 382 2924 maniculum
399 2888 494 2932 foeni,
508 2892 545 2922 et
568 2888 676 2923 adhuc
692 2889 839 2923 esuriens
854 2898 925 2923 esse
953 2889 1142 2925 videbatur.
1185 2890 1282 2925 Nero
1308 2891 1440 2928 occisus
1456 2891 1511 2928 via
1524 2894 1613 2937 pati·

81 2953 188 2988 naria.
