1768 3236
118 175 219 216 ³52-
676 175 1132 226 SUPPLEMENTUM
1393 179 1563 220 A.u.c,
1581 182 1679 230 ⁷94.
1699 205 1702 208 .

114 298 211 340 sus,
262 278 358 328 vim
401 294 567 344 parans
602 277 784 329 fortiter
819 281 1053 330 occubuit.
1122 280 1323 332 Anteius
1339 283 1352 305 ¹
1399 274 1678 337 domestim‘
1752 275 1762 292 '¹

117 352 323 423 injurias,
371 357 603 406 cadaveris
642 359 924 422 spectaculo,
974 357 1225 409 ulciscendi
1260 357 1456 424 turpiter
1493 361 1678 422 avidus,
1742 364 1756 380 ‘'

117 435 342 502 inglorius
365 435 511 501 periit.
583 436 678 484 Alii
701 436 890 500 plurimi
913 447 1067 484 sontes
1089 449 1136 485 et
1158 436 1362 487 insontes
1385 438 1621 489 trucidati.-

190 601 237 641 2.
273 576 517 641 INi'EREA
541 590 663 640 fama
680 593 819 641 caedis
841 593 1074 640 theatrum
1096 580 1325 657 pervasit3
1351 605 1397 641 et
1410 610 1496 658 pro
1521 596 1688 661 cujus->

122 690 214 738 que
236 683 314 719 aut
335 671 540 736 ingenio,
574 682 653 718 aut
673 670 881 729 fortuna,
895 670 1028 718 >varie
1052 674 1274 735 accepta.²‘
1338 671 1478 720 Plebs
1499 672 1676 722 Princi-
1735 682 1763 703 ·'

125 766 252 815 pem,
276 748 396 796 ludis
418 748 646 806 deditum,
667 748 742 796 vel
760 747 980 795 amissum
1003 749 1184 806 dolore,
1217 748 1291 796 vel
1314 748 1494 797 salvum
1514 742 1675 799 crede·
1751 735 1762 771 f

124 844 190 875 re.
261 826 410 884 Servi,
443 825 764 890 scelerumque
805 826 1018 885 artifices,
1053 827 1114 874 ob
1150 826 1400 875 delationes
1438 827 1676 892 malasque

116 916 246 963 (artes
263 904 439 954 timere.
509 903 707 961 Patricii,
731 903 963 968 ceterique
984 903 1180 962 nobiles,
1214 904 1535 953 dominationis
1556 916 1679 953 atro.

54 1003 66 1007 ·
124 982 333 1032 citatibus
354 980 536 1040 infensi,
571 997 622 1027 re
657 974 819 1039 laetari,
853 979 1004 1044 specie
1038 980 1219 1028 tristari.
1290 981 1476 1029 Conscii
1512 985 1674 1049 conju-

126 1060 313 1108 rationis
344 1060 491 1107 silere.
561 1058 772 1118 Plurimi,
808 1059 975 1123 quibus
997 1057 1167 1122 volupe
1190 1070 1258 1107 est
1280 1060 1386 1106 ficta
1408 1059 1677 1120 divendere,

97 1166 103 1172 ν
125 1155 286 1202 spesve
309 1137 357 1183 in
381 1136 572 1184 turbidis
595 1153 786 1200 ponere,
809 1136 883 1184 alii
905 1136 1090 1185 differre
1114 1142 1148 1164 ‘⁶
1170 1136 1464 1185 vulneratum
1486 1137 1679 1202 quidem
1733 1181 1739 1184 .

133 1220 164 1241 ‘⁶
201 1216 386 1274 Caium,
421 1214 502 1262 sed
531 1213 703 1273 vivere,
739 1225 784 1261 et
806 1213 1075 1262 vulneribus
1110 1212 1315 1263 fomenta
1351 1214 1499 1278 parari
1515 1216 1566 1269 εἶ’
1601 1213 1679 1264 alii

134 1297 162 1318 “
198 1309 365 1342 cruore
395 1288 659 1340 madentem
688 1291 737 1339 in
763 1291 868 1340 foro
891 1293 1086 1351 adstare,
1120 1292 1441 1357 populumque
1462 1293 1522 1341 ad
1543 1291 1691 1341 ultio-.

133 1375 166 1396 “
198 1387 326 1430 nem,
361 1382 407 1418 et
429 1371 719 1435 optimatium
741 1370 1103 1419 internecionem
1125 1370 1350 1418 hortari.”

196 1518 241 1574 3.
276 1528 344 1574 11s
380 1526 646 1574 rumoribus
682 1526 902 1591 gliscebat
937 1538 1117 1574 terror:
1154 1525 1365 1585 increvit,
1398 1525 1514 1574 cum
1551 1525 1678 1575 thea-

126 1617 283 1663 trum,
322 1604 549 1652 destrictis
593 1604 772 1669 gladiis,
823 1602 1152 1655 circumsidere
1200 1602 1427 1666 Germani
1473 1603 1675 1666 milites;

125 1700 312 1748 araeque
334 1682 539 1747 praefixis
561 1681 823 1730 occisorum
857 1681 1097 1747 capitibus,
1131 1681 1244 1747 quid
1273 1680 1489 1730 omnibus
1527 1680 1681 1738 immie

125 1772 257 1809 neret
301 1760 492 1825 periculi
541 1763 859 1808 ostentavere.³
947 1759 1118 1809 Cuncti
1162 1759 1344 1807 veniam
1388 1755 1679 1827 salutemun

125 1840 333 1888 orabant.
402 1838 677 1898 Temeritas,
733 1856 840 1903 quae
880 1837 929 1885 in
974 1837 1195 1887 extremis
1240 1836 1360 1884 valet
1397 1835 1681 1901 plurimum,

126 1902 502 1980 tranquillitatem
532 1917 916 1982 securitatemque
952 1915 1190 1985 inopinato
1226 1915 1402 1963 adtulit.
1474 1906 1681 1989 Quidam
1755 1948 1761 1960 .

128 1993 252 2041 enim
275 1994 569 2053 Arruntius,4
602 2012 762 2043 rerum
787 1996 1021 2044 venalium
1051 1993 1286 2059 praeconio
1318 1993 1520 2057 indeque
1541 1991 1684 2059 partis
1762 2005 1765 2010 ⁴

126 2071 293 2134 opibus
314 2070 537 2130 famosus,
571 2072 670 2120 atra
709 2085 854 2132 veste,
888 2071 1177 2136 funereoque
1216 2071 1404 2135 planctu
1443 2060 1682 2119 theatrum
1708 2122 1709 2126 ,
1750 2070 1752 2073 ’

126 2149 281 2207 subiit,
317 2160 362 2197 et
399 2155 432 2177 “
460 2150 626 2199 Caium
661 2152 896 2200 Caesarem
932 2161 1172 2199 mortuum
1208 2149 1340 2197 esse’'
1377 2140 1679 2208 vociferavit}
1754 2154 1768 2187 ἶ

127 2243 243 2274 mox
266 2226 654 2288 circumcursans,
687 2229 907 2278 militibus
931 2234 964 2257 ‘⁶
983 2228 1161 2294 gladios
1193 2226 1488 2296 conderent?
1504 2240 1684 2293 ,renun-

128 2303 268 2352 tiavit.
338 2305 426 2353 His
450 2305 600 2366 furor,
636 2308 798 2356 ceteris
821 2320 973 2357 terror
995 2305 1146 2355 statim
1169 2304 1412 2370 relanguit.

196 2468 244 2508 4.
292 2461 456 2509 HAUD
502 2463 633 2511 aliter
675 2464 831 2513 sedata
875 2463 1021 2512 Urbis
1074 2461 1374 2526 perturbatio.
1450 2457 1684 2523 Praetoriis
1759 2494 1763 2506 .

130 2538 399 2588 cohortibus
420 2539 738 2590 interfectores
761 2542 1073 2606 undequaque
1090 2536 1523 2604 pervestigandbus,
1545 2528 1686 2601 trepi'·
1760 2559 1761 2562 ¹

139 2701 141 2703 »
188 2671 203 2690 ⁸
232 2672 409 2713 Anteius.
464 2675 538 2713 Vir
562 2677 739 2714 senatorii
773 2677 876 2714 ordi·
948 2676 1017 2726 tiq.
1033 2675 1126 2714 Jud.
1147 2687 1235 2711 mx.
1256 2679 1290 2711 l.
1308 2685 1346 2710 n.
1370 2671 1432 2711 16.
1758 2719 1763 2724 Α

132 2727 204 2774 nis,
232 2729 346 2778 cujus
371 2735 479 2779 pater
496 2729 518 2766 ὲ
537 2730 634 2767 Caio
654 2731 691 2768 in
710 2731 872 2768 exilium
1002 2727 1016 2748 ²
1048 2730 1306 2767 ostentavere.
1359 2726 1515 2777 Joseph.
1533 2726 1626 2766 ibid.
1644 2728 1686 2766 η’»
1762 2739 1765 2742 ·

134 2789 260 2829 actus,
277 2795 369 2820 mox
386 2783 509 2821 fuerat
524 2785 689 2823 occisus.
717 2785 872 2836 joseph.
954 2787 1015 2821 18.
1641 2789 1683 2813 ’Ἰ

134 2835 230 2907 ἰὸίὲἰ.
1003 2835 1022 2858 ⁴
1049 2835 1274 2874 Arruntius.
1331 2836 1426 2874 Rem
1465 2840 1593 2874 narrat
1620 2834 1691 2874 ἔσει

237 2888 372 2945 ‘Um-‘³‘
414 2898 581 2942 accepta.
657 2891 717 2929 De
761 2892 876 2930 variis
950 2890 1056 2943 seph.
1075 2890 1170 2928 ibid.
1188 2902 1228 2928 n.
1251 2888 1318 2930 18.
1345 2916 1349 2921 -

135 2942 241 2984 hisce
260 2945 431 2983 sensibus
447 2945 533 2984 vide
548 2946 571 2986 J
577 2946 776 2997 osephum,
798 2949 878 2984 An·
