1768 3236
526 199 674 240 Ltssm
697 199 846 239 ¹Nom
873 185 1196 240 ANNALmM.
1552 170 1636 243 ἱ363

97 206 137 247 J.
157 205 204 245 C.
220 208 288 243 41.

95 325 218 360 care.
286 305 370 355 Ille
390 301 504 354 verb
533 302 701 352 nimios
735 303 937 352 honores
951 305 965 326 ¹
998 319 1228 363 recusare,
1263 302 1439 352 nedum
1460 301 1640 368 divinos

97 386 217 435 velle
232 401 258 432 ε.
296 382 395 431 sola
429 381 611 446 imperii
652 380 844 446 insignia
887 397 1141 444 usurpare:
1177 391 1345 429 statuas
1388 397 1576 450 paucas
1594 391 1642 429 et

93 462 353 511 modestas²⁵
406 459 706 524 permittere3
765 463 799 486 ‘⁶
833 458 973 526 mutis
1011 457 1151 523 signis
1193 458 1382 522 templa,
1402 458 1639 522 compita,

96 544 133 569 “
165 538 389 604 publicas,
443 535 639 600 privatas
681 536 805 584 aedes
844 535 1047 600 oppleri,
1102 535 1315 599 civesque
1358 534 1638 583 exturbari''

96 614 338 664 dictitans.³
404 613 510 662 Hac
542 612 751 661 civilitate
779 613 982 665 ‘stabilito
1017 612 1228 676 imperio,
1261 611 1374 659 nihil
1409 611 1640 675 antiquius

96 692 284 750 habere,
322 690 465 754 quam
495 701 547 737 ut
578 690 626 736 id
658 690 891 749 biduum‚⁴
930 706 1026 754 quo
1047 690 1106 736 de
1129 690 1350 737 mutando
1372 688 1637 752 reipublicae

94 779 217 820 statu
239 767 499 816 haesitatum
521 778 638 826 erat,
667 767 905 815 memoriae
928 766 1164 815 eximeret.
1235 765 1463 813 Omnium
1484 765 1638 829 itaque

96 841 327 894 factorum
350 837 672 909 dictorumque
693 844 742 892 in
764 862 820 892 eo
842 844 1023 893 veniam
1045 855 1090 893 et
1107 842 1393 892 oblivionem.
1407 842 1455 889 in
1477 859 1658 905 perpe-2
1696 898 1698 900 V

96 933 233 970 tuum
267 921 441 969 sancire
473 938 526 969 ac
562 932 810 985 praestare3
847 933 910 980 et,
944 921 1059 969 cum
1080 920 1347 984 Principum
1386 919 1639 968 reverentia

95 998 393 1064 religionibus
416 1010 460 1046 et
483 998 658 1062 pietatis
673 998 831 1071 officiis
848 999 1097 1056 adcrescat,
1119 997 1231 1046 aviae
1255 996 1396 1045 Liviae
1412 999 1427 1024 ⁵
1460 995 1639 1046 divinos

96 1074 315 1135 honores,
337 1086 382 1123 et
401 1075 607 1127 Circensi
628 1092 801 1141 pompa
824 1093 1015 1125 currum
1037 1070 1448 1140 elephantorum-⁶
1404 1110 1418 1134 ,
1477 1088 1638 1138 paren-

61 1304 64 1307 *
97 1299 172 1325 aere
189 1288 286 1335 cusi,
305 1301 469 1338 quorum
498 1288 537 1326 in
556 1294 662 1340 parte
681 1286 832 1341 postica

99 1347 156 1378 est
174 1355 313 1379 corona
340 1354 516 1392 quercea,
550 1343 588 1380 in
617 1345 696 1394 qua
714 1346 831 1395 sclip-

96 1401 197 1440 tum,
243 1396 318 1433 EX
368 1396 451 1433 SC.
498 1397 578 1435 OB
635 1398 830 1437 CIVES

99 1441 439 1487 SERVATOS.

153 1552 168 1571 ¹
198 1554 348 1593 Nimios
366 1556 533 1595 honores.
590 1557 714 1595 Immo
740 1562 832 1600 teste

97 1608 283 1646 Suetonio
310 1610 349 1647 in
378 1610 518 1648 Claud.
540 1622 623 1648 ΧΠ.
654 1610 831 1661 Princeps

95 1662 138 1699 in
171 1667 283 1700 semet
317 1665 485 1714 augendo
529 1677 680 1714 parcus,
721 1670 831 1714 atque

97 1715 232 1761 civilis,
256 1717 480 1766 proenomine
498 1718 744 1767 Imperatoris
772 1719 833 1755 ab·

91 1769 246 1807 stianit.
295 1770 338 1806 ld
365 1771 588 1808 confirmant
608 1772 768 1816 nummi,
792 1773 831 1809 iu

97 1822 239 1871 quibus
283 1823 507 1874 plerumque
551 1824 633 1862 haec
679 1826 830 1862 tantum

96 1875 296 1926 inscriptio
312 1874 338 1915 :⁴
377 1877 458 1915 TI.
498 1878 529 1915 C
544 1878 714 1918 LAVD
731 1879 828 1916 IVS

99 1929 356 1968 CAESAR
395 1931 538 1968 AVG.
567 1931 760 1969 GERM.
789 1932 828 1969 id

97 1994 165 2027 est,
196 1983 365 2021 Tiberius
397 1983 580 2022 Claudius
602 1984 727 2023 Caesar
747 1984 828 2023 Au-

94 2041 230 2086 gustus
249 2037 505 2079 Germanicus,
545 2038 656 2075 Hanc
674 2052 829 2088 quoque

95 2090 320 2127 modestiam
336 2091 468 2128 laudat
482 2091 571 2138 Dio,
592 2104 662 2129 Lx.
682 2105 721 2142 p.
734 2090 825 2136 667.

97 2136 258 2180 Crebras
275 2144 388 2181 etiam
413 2157 460 2182 ac
478 2145 614 2183 nimias
638 2145 830 2183 acclama-

97 2196 216 2233 tiones
234 2196 412 2243 inhibuit,
431 2203 474 2236 ut
493 2199 605 2236 docet
625 2199 715 2245 Dio,
733 2199 826 2237 ibid.

98 2263 138 2300 p.
155 2247 248 2287 668.
274 2249 323 2287 τά
345 2266 380 2287 π
380 2249 616 2315 ἓπιβοῆμοιτοι
637 2251 683 2289 τοὶ
709 2253 828 2290 πολλοὶ

97 2304 158 2340 καὶ
179 2301 350 2356 ὑπέςογκιι
380 2300 517 2345 ἐ’παιυπ.
575 2306 676 2342 Eum
704 2313 829 2343 tamen

96 2356 231 2394 saltem
255 2357 371 2395 vicies
392 2358 660 2408 Imperatorem
686 2359 829 2397 saluta-

97 2416 197 2447 tum·
209 2410 322 2448 fuisse
348 2411 560 2461 accipimus
586 2422 635 2449 ex
655 2421 829 2463 argenteo

96 2475 269 2508 nummo,
306 2464 398 2502 olim
427 2465 469 2500 in
502 2465 638 2503 Museo
668 2467 831 2517 Collegii

99 2517 286 2556 Ludovici
306 2518 452 2568 Magni,
470 2518 535 2568 qui
554 2531 651 2556 anno
670 2520 825 2558 Claudii

98 2570 249 2609 decimo
295 2584 411 2610 cusus
453 2578 521 2610 est.
599 2572 642 2610 In
698 2574 828 2614 antica

100 2631 219 2674 parte,
260 2625 448 2663 Claudius
483 2625 610 2675 capite
642 2626 828 2675 laureato,

97 2676 173 2715 TI.
218 2677 541 2721 CLAVDIVS
588 2657 828 2719 CAESAR

96 2731 242 2768 AVG.
272 2732 316 2769 P.
346 2731 521 2772 M..TR.
551 2733 596 2770 P.
627 2734 679 2771 X.
708 2735 751 2771 P.
785 2734 828 2772 P.

100 2783 173 2820 IM
183 2784 226 2822 P.
256 2785 355 2822 XX.
385 2785 429 2822 ln
444 2791 550 2834 parte
562 2785 722 2836 posticz'i,
737 2787 830 2825 Vic-

99 2836 199 2876 toria
226 2850 315 2875 cum
344 2838 533 2883 caduceo,
557 2839 699 2878 PACI
730 2842 828 2878 AV-

99 2889 295 2930 GVSTA
310 2891 353 2932 E.
410 2892 676 2931 Humanorum
712 2893 829 2932 hono-

906 1304 990 1329 rum
1011 1290 1197 1337 modicus,
1209 1289 1343 1327 divinis
1357 1287 1508 1349 penitus
1522 1285 1638 1324 absti-

905 1347 1002 1390 nuit,
1019 1345 1216 1394 vetuitque
1232 1357 1277 1380 ne
1299 1343 1384 1382 ouis
1402 1342 1528 1393 ipsum
1546 1341 1638 1378 ado-

905 1408 1016 1444 mrtt,
1047 1411 1138 1435 neve
1173 1397 1259 1447 quis
1291 1397 1346 1446 ips
1332 1396 1360 1432 i
1386 1395 1633 1447 supplicaret.

906 1453 1005 1489 Vide
1027 1452 1203 1496 Dionem,
1222 1451 1297 1488 loc.
1314 1451 1381 1486 cit.

957 1502 1151 1543 ''Paucas
1185 1513 1222 1541 et
1256 1504 1450 1542 modestas.
1509 1501 1636 1539 Unam

904 1572 1040 1609 nempe
1065 1568 1292 1608 argenteam,
1310 1557 1406 1594 duas
1437 1569 1484 1592 ex
1508 1567 1583 1599 aere
1599 1561 1638 1592 et

904 1613 1044 1663 lapide.
1085 1613 1175 1658 Dio,
1195 1612 1288 1649 ibid.
1445 1630 1447 1638 ·

957 1662 973 1684 ³
1003 1666 1213 1704 Dictztans.
1259 1664 1346 1710 Dio,
1367 1663 1460 1701 ibid.

956 1717 975 1740 4
993 1720 1044 1757 Id
1061 1719 1220 1756 biduum.
1252 1719 1346 1755 Haec
1359 1718 1489 1754 omnia
1503 1716 1634 1754 iisdem

903 1774 1024 1810 verbis
1042 1774 1177 1811 recitat
1204 1771 1409 1810 Suetonius
1436 1772 1475 1808 in
1495 1771 1638 1809 Claud.

906 1839 970 1865 Χῐ.

958 1878 972 1901 ⁵
1006 1879 1110 1918 Aviae
1136 1879 1267 1918 Liviae.
1312 1878 1477 1929 Augusti
1511 1875 1638 1921 uxori,

903 1946 990 1984 quae
1001 1935 1049 1971 ob
1062 1934 1303 1983 adoptionem
1317 1930 1538 1971 Germanici
1550 1931 1637 1967 avia.

904 1995 984 2024 erat
1021 1987 1189 2025 Claudii.
1249 1988 1353 2024 Vide
1386 1986 1502 2024 Stem.
1539 1984 1637 2021 Caes.

904 2053 941 2078 n.
977 2038 1042 2078 66.
1101 2040 1219 2078 Matri
1265 2040 1432 2078 coelestes
1476 2038 1637 2074 honores

904 2101 1102 2144 negaverat
1134 2095 1322 2138 Tiberius,
1356 2091 1489 2131 tribuit
1519 2089 1638 2127 Clau-

908 2148 1006 2186 dius.
1062 2148 1163 2184 Vide
1194 2161 1280 2196 quae
1308 2146 1383 2184 haic
1413 2147 1460 2183 de
1487 2157 1526 2197 re
1552 2144 1638 2194 jam

908 2202 1077 2239 diximus
1122 2201 1160 2238 in
1202 2207 1278 2238 not.
1324 2208 1362 2237 et
1403 2198 1550 2236 emend.
1587 2197 1635 2235 ad

906 2255 1048 2292 Annal.
1084 2267 1121 2292 v.
1156 2260 1193 2293 2.
1266 2255 1388 2292 Addit
1425 2251 1516 2296 Dio,
1564 2263 1637 2289 Lx.

904 2321 942 2358 p.
960 2306 1055 2351 601⁷.
1101 2308 1244 2345 Liviam
1264 2307 1499 2358 equestribus
1517 2311 1638 2342 certa·

906 2362 1071 2399 minibus
1100 2361 1123 2399 a
1152 2361 1459 2399 Claudio'fuisse
1477 2359 1637 2396 honora-

904 2423 1005 2453 tam:
1033 2416 1116 2464 ejus
1142 2415 1302 2466 effigiem
1328 2415 1366 2452 in
1392 2413 1534 2464 templo
1555 2414 1638 2450 Au-

903 2469 1002 2519 gusti
1022 2469 1260 2507 dedicatam:
1285 2468 1514 2510 mandatum
1544 2478 1638 2515 quo-

906 2536 980 2572 que
997 2522 1214 2561 Vestalibus
1233 2530 1277 2560 ut
1287 2522 1320 2558 ei
1337 2534 1446 2559 sacra
1459 2520 1636 2564 facerent,

870 2577 873 2580 ’
905 2575 1214 2636 mulieribusque
1238 2583 1281 2615 ut
1309 2588 1376 2626 per
1399 2575 1481 2624 ejus
1501 2573 1637 2627 nomen

899 2630 1088 2679 Jurarent.

957 2678 974 2700 ⁶
993 2682 1153 2720 Currum
1170 2678 1457 2734 elephantorum.
1483 2682 1638 2729 Augus-

904 2736 983 2774 tino
1001 2736 1174 2774 similem.
1233 2737 1448 2782 Suetonius,
1482 2734 1576 2772 ibid.
1595 2732 1635 2770 id

904 2799 971 2834 est,
1006 2790 1158 2843 qualem
1194 2789 1360 2830 habebat
1400 2791 1452 2829 D.
1484 2789 1636 2838 Augus-

907 2851 981 2883 tus.
