1768 3236
169 226 250 269 390
654 212 656 215 “
711 217 1163 260 SUPPLEMENTUM
1420 221 1472 258 A.
1492 220 1544 260 U.
1557 221 1604 260 c,
1623 219 1718 269 796.

167 327 305 375 etiam
326 323 472 385 auxit,
495 321 664 391 magna
687 324 849 390 priscae
873 322 1138 382 severitatis,
1159 320 1364 370 maxima
1385 316 1590 374 infractae
1607 324 1718 374 fidei

171 404 323 452 laude.
393 404 500 452 Hoc
544 419 680 464 anno,
719 420 813 451 uno
837 401 863 451 ὲ
909 401 1102 450 tribunis
1125 395 1271 465 plebis
1304 398 1543 460 defuncto,
1560 401 1747 463 ceteriq·

172 498 454 547 quamquam
489 481 792 546 praesentibus
835 479 1118 538 consulibus,
1154 489 1364 529 senatum
1402 481 1632 546 .coegere¹.
1665 487 1720 528 ut

173 559 289 608 alter
304 560 607 610 sufficeretur.
636 608 638 610 .
1572 576 1577 581 ²
1656 561 1658 563 ’

581 794 644 840 A.
680 769 746 839 ὑ.
785 790 842 839 C.
881 794 994 843 796.
1062 793 1103 841 J.
1141 791 1198 841 C.
1234 797 1316 839 43.

237 951 316 992 44.
353 946 577 993 T1BER10
604 944 802 995 Claudio
827 944 1011 994 Caesare
1033 945 1112 993 111.
1138 955 1182 992 et
1199 946 1255 992 L.
1271 940 1457 992 Vitellio
1471 941 1528 990 11.
1553 952 1718 1016 consus

170 1019 326 1081 libus‚²
360 1021 586 1071 festorum
609 1023 978 1087 solemniumque
1001 1021 1182 1070 dierum
1203 1034 1426 1070 numerus
1447 1019 1496 1068 in
1517 1019 1719 1069 immane

170 1103 410 1148 creverat.³
455 1101 639 1149 Malum
661 1101 824 1165 pietate
847 1112 1072 1165 coeptum,
1094 1112 1281 1149 auctum
1303 1098 1502 1158 licentia,
1524 1097 1723 1164 gliscens

174 1176 223 1224 in
240 1176 335 1225 dies
358 1178 635 1238 adulatione,
654 1177 868 1243 repressit
885 1180 1062 1237 Caesar,
1079 1194 1176 1225 non
1198 1176 1438 1225 extinxit24
1458 1175 1604 1224 immo
1619 1189 1720 1222 mo-
1759 1208 1763 1210 -

175 1253 303 1302 ribus
326 1256 384 1303 ad
406 1255 611 1303 inaniora
654 1255 989 1314 delabentibus,
1020 1254 1230 1303 revaluit⁵
1265 1271 1375 1303 cum
1409 1254 1583 1319 majore
1616 1249 1722 1299 reli-

179 1332 374 1398 gionum
397 1344 443 1380 et
480 1333 659 1397 imperii
683 1333 973 1382 detrimento.
1043 1331 1391 1405 Abolitavsimul
1419 1329 1597 1394 reliqua
1619 1325 1722 1377 Caii

180 1410 502 1459 dominationis
541 1411 817 1475 opprobria:
856 1428 1053 1475 quaeque
1070 1411 1144 1458 vel
1175 1405 1367 1468 nefarie,
1389 1408 1464 1457 vel
1485 1403 1720 1455 immerito

178 1488 445 1547 donaverat,
485 1499 564 1536 aut
602 1499 833 1553 rapuerat,
883 1483 1126 1535 restituta.⁶
1193 1485 1498 1536 Curatoribus
1541 1482 1722 1532 viarum

177 1576 348 1630 praeter
382 1565 650 1631 dignitatem
685 1566 865 1616 reddita
903 1582 1090 1630 quoque
1114 1564 1323 1629 pecunia,
1359 1579 1500 1628 quam
1535 1561 1722 1608 damna.-

174 1642 376 1690 tionibus
399 1653 445 1690 et
483 1642 613 1692 hasta
650 1655 903 1700 extorserat
950 1642 1196 1691 Corbulo-⁷
1261 1639 1511 1690 Paululum
1544 1633 1723 1697 mollita

175 1717 317 1785 lege,⁸
341 1719 544 1768 edictum
587 1725 616 1746 ‘⁶
639 1732 691 1768 ut
734 1719 1075 1785 provinciarum
1113 1710 1316 1768 rectores
1372 1726 1477 1764 ante
1514 1712 1722 1787 medium

179 1802 212 1825 “
236 1797 450 1864 Aprilem
468 1816 528 1847 ex
552 1800 687 1848 Urbe
703 1799 751 1847 in
774 1798 1030 1866 provincias
1051 1814 1155 1847 suas
1178 1791 1515 1848 discederent.’'
1606 1788 1610 1789 ⁷

233 1954 247 1972 ¹
264 1954 442 1995 Senatum
462 1950 627 2008 coegere.
655 1958 747 2005 Dio,
781 1971 855 1998 Lx.
872 1973 911 2010 p.
986 1962 1167 2000 meretur,
1213 1960 1259 1993 ut
1296 1955 1402 2004 patet
1443 1964 1491 1989 ex
1531 1948 1721 1997 veteribus

183 2006 277 2052 676·
988 2008 1243 2050 Kalendariis.
1314 2007 1516 2053 Quantum
1549 2004 1638 2042 inde
1681 2005 1722 2040 et

235 2060 254 2079 ²
271 2063 501 2103 Consulibus.
531 2065 707 2104 Tiberius
724 2066 914 2104 Claudius
988 2064 1211 2115 religionum
1232 2067 1271 2099 et
1281 2059 1502 2099 commercii
1519 2057 1722 2118 detrimen·

184 2117 393 2156 CaesarIII.
423 2120 467 2157 L.
479 2119 914 2158 VitelliusII.consules
990 2125 1071 2156 tum
1107 2122 1311 2167 emergeret
1330 2112 1442 2152 facile
1477 2112 1598 2151 cuivis
1625 2115 1724 2172 αἰξ-

185 2171 288 2209 suere
316 2173 481 2210 A.U.C.
508 2171 601 2220 796.
618 2173 655 2211 J.
670 2174 716 2211 C.
748 2178 813 2212 43.
869 2174 915 2211 In
990 2185 1106 2210 mare.
1176 2170 1333 2216 Saltem,
1377 2180 1424 2205 ne
1458 2162 1529 2204 hac
1569 2165 1722 2217 pietatm

182 2231 306 2263 vetere
325 2226 569 2278 inscriptione
593 2227 697 2277 apud
711 2228 917 2274 Muratori‚
989 2227 1115 2276 specie
1140 2223 1194 2262 fas
1223 2225 1367 2274 jusque
1397 2224 1625 2266 vanesceret,
1656 2217 1722 2278 M..

184 2278 367 2318 Thesaur.
395 2280 579 2332 Inscript.
614 2281 689 2318 vol.
710 2294 740 2319 1.
760 2295 797 2331 p.
822 2285 916 2319 304.
990 2279 1172 2317 Aurelius
1198 2275 1412 2316 Antoninus
1447 2272 1579 2325 postea
1597 2271 1723 2324 faetus

182 2332 258 2370 TI.
287 2334 400 2371 CLA
416 2334 501 2371 VD
513 2336 527 2372 I
539 2336 590 2374 O.
620 2335 651 2372 C
666 2335 744 2372 ΑΕ
756 2336 795 2373 S.
826 2336 912 2374 III.
991 2331 1307 2383 diesjucliciarios
1327 2329 1489 2375 addidit,
1520 2327 1578 2366 ita
1595 2330 1640 2365 ut
1655 2325 1723 2364 du-

182 2385 227 2423 L.
259 2387 515 2426 VITELLI
531 2389 567 2426 Ο
598 2389 656 2427 ΙΙ.
691 2389 817 2426 COS.
961 2396 965 2406 ⁷
991 2392 1115 2424 centos
1143 2385 1307 2436 triginta
1339 2383 1417 2421 dies
1446 2378 1723 2440 annuos-rebus

236 2436 250 2458 ³
270 2438 466 2479 Creverat.
497 2442 588 2490 Dio,
606 2455 678 2480 Lx.
694 2455 733 2493 p.
750 2440 843 2486 676.
989 2440 1143 2491 agendis
1155 2439 1351 2489 litibusque
1368 2435 1620 2486 disceptandas
1635 2445 1723 2473 con·

235 2491 255 2514 4
271 2494 319 2531 N
317 2507 362 2532 on
380 2494 551 2534 extinxit.
598 2497 722 2534 Immo
740 2503 818 2534 tam
838 2495 917 2534 cito
989 2494 1178 2532 stitueret.
1225 2492 1248 2531 J
1254 2493 1307 2530 ul.
1343 2489 1552 2541 Capitolia.
1584 2487 1625 2525 in
1658 2485 1720 2525 Μ.

181 2548 394 2594 recruduit,
411 2555 465 2596 ut,
487 2550 640 2587 Nerone
657 2550 918 2601 principatum
994 2548 1179 2585 Antonin.
1198 2559 1243 2584 x.
1539 2577 1542 2581 .

182 2600 350 2650 ineunte,
368 2602 498 2641 adhuc
509 2603 783 2651 consultatum,
797 2610 842 2641 ut
859 2602 915 2641 di-
1042 2597 1061 2618 ⁶
1078 2601 1283 2640 Restituta.
1313 2597 1404 2643 Dio,
1422 2596 1498 2634 loc.
1518 2595 1587 2634 cit.

181 2655 400 2694 viderentur
424 2657 520 2695 sacri
551 2663 589 2695 et
614 2658 797 2709 negotiosi
826 2657 916 2704 dies,
1040 2651 1056 2674 ⁷
1078 2654 1250 2693 Corbulo.
1307 2652 1366 2690 Dc
1379 2662 1457 2701 quo
1470 2650 1551 2700 jam
1568 2648 1716 2687 dictum

183 2710 292 2759 queis
303 2709 431 2748 divina
448 2710 676 2759 colerentur,
693 2717 731 2749 et
747 2711 917 2749 humana
984 2721 1101 2758 supra
1117 2708 1155 2746 in
1174 2706 1312 2758 Suppl.
1339 2703 1482 2743 Annal.
1508 2714 1606 2763 vul:
1625 2706 1665 2755 2,

181 2775 258 2800 non
285 2764 572 2815 impedirentur,
607 2773 652 2804 ut
679 2766 828 2803 dictum
860 2771 917 2803 est
1043 2759 1231 2800 ‘Manita
1247 2761 1340 2812 lege.
1395 2755 1524 2796 Antea
1541 2768 1641 2794 enim
1657 2754 1719 2816 ffl-

179 2817 323 2857 Annal.
344 2830 446 2855 xnr.
463 2823 528 2857 41.
985 2822 1066 2854 erat
1093 2816 1297 2859 sancitum,
1318 2818 1364 2851 ut
1378 2817 1464 2849 ante
1481 2809 1572 2848 Kal.
1590 2807 1719 2861 April.

233 2869 248 2892 ⁵
278 2871 471 2910 Revaluz't.
527 2874 587 2912 Ita
605 2879 650 2911 ut
666 2878 768 2911 totus
795 2871 910 2909 ferme
983 2883 1030 2907 ex
1063 2870 1166 2907 Urbe
1185 2867 1528 2919 proficiscerentur,
1561 2867 1607 2902 ut
1621 2861 1717 2902 vidi-

180 2937 302 2964 annus
331 2925 390 2965 vel
420 2927 549 2977 sacris,
578 2928 637 2967 vel
664 2927 766 2966 ludis
800 2927 912 2964 absu-
982 2936 1067 2962 mus
1084 2935 1200 2975 supra
1215 2934 1301 2972 cap.
1318 2917 1392 2960 26.
1665 2936 1668 2941 ·
1695 2927 1704 2938 ‘
