1768 3236
151 185 234 228 ³64

704 179 1157 223 SUPPLEMENTUM

1404 186 1457 226 A.
1476 187 1526 227 u,
1544 187 1591 228 c,
1607 188 1704 239 79⁴.

150 290 273 340 tibus
293 286 479 338 inferias
500 283 736 352 publicas:
755 288 769 309 ¹
803 286 923 352 patri
937 289 954 311 ²
988 286 1231 336 Circenses
1254 286 1392 339 ludos
1405 291 1419 319 ³
1452 293 1590 342 natali
1622 294 1704 350 >dia
1738 314 1751 322 ·

152 369 419 416 decernere.
487 366 565 413 Ne
604 362 868 413 Antonium
906 364 1097 430 quidem
1129 364 1476 429 inhonoratum,
1519 384 1573 420 ac
1607 370 1707 422 §ne

152 443 287 510 grata
326 441 561 492 mentione
597 440 875 490 transmisit:
911 452 1101 491 tesmtus
1136 459 1222 507 per
1254 444 1475 507 edictum,
1509 452 1545 478 ‘⁶
1576 455 1707 500 tante

153 523 189 550 “
223 521 480 586 impensius
502 531 659 585 petere
679 537 729 568 se
751 531 803 568 ut
835 520 1036 568 natalem
1069 520 1209 585 patris
1231 523 1377 572 Drusi
1400 523 1705 588 celebrarent,

153 603 189 673 ‘f
224 595 357 664 quod
378 598 504 646 idem
527 608 645 647 esset
667 607 712 646 et
734 595 806 645 avi
828 597 899 646 sui
921 597 1168 646 Antonii.”
1658 599 1663 605 ‘

225 759 301 802 19.
359 756 601 802 Annum*
648 751 816 802 matri⁴
869 764 1160 819 carpentum,
1216 772 1311 820 quo
1374 771 1459 820 per
1509 756 1707 808 Circum

152 832 401 880 duceretur
419 837 450 878 :⁴
490 829 650 879 tribuit
694 848 882 896 quoque
926 848 1190 897 cognomen
1236 836 1485 899 Augustae,
1500 836 1516 863 ⁵
1570 823 1702 900 quod

152 909 362 968 foemina,
418 907 618 968 virtutis,
676 908 820 974 quam
865 909 1030 969 laudis,
1080 909 1344 971 studiosior,
1399 923 1724 963 recusaverat..

152 985 324 1034 Fratris
342 983 360 1007 ⁶
407 986 697 1046 memoriam,
731 1004 817 1052 per
844 1004 1036 1036 omnem
1074 988 1364 1037 occasionem
1408 989 1703 1049 celebratam,

147 1063 282 1112 novis
304 1063 449 1121 ,auxit
478 1064 767 1114 honoribuS.⁷
835 1065 1144 1133 Agrippinam
1174 1078 1219 1116 et
1249 1067 1417 1117 Juliam
1430 1064 1446 1089 ⁸
1478 1068 1541 1117 de
1562 1065 1720 1122 exilio,

207 1193 222 1213 ¹
253 1195 422 1248 Inferias
436 1198 618 1248 publicas.
665 1199 822 1237 Sueton.
847 1199 887 1237 in

153 1250 295 1288 Claud.
314 1263 376 1288 xx.
431 1252 477 1288 In
496 1252 542 1289 iis
561 1253 702 1290 inferiis
720 1260 890 1291 exstrue-

153 1304 295 1341 bantur
313 1317 400 1351 arae,
416 1305 571 1344 floribus
590 1308 888 1354 exornabantur,

152 1358 402 1396 caedebantur
419 1359 596 1407 victimae,
621 1360 783 1411 Diisque
804 1362 890 1399 Ma-

151 1411 267 1449 nibus
287 1417 289 1420 ’
310 1412 612 1462 sacrificabatur,
654 1415 702 1452 de
740 1415 889 1465 reliquo

151 1465 423 1517 epulabantur,
433 1467 500 1516 qui
516 1468 675 1506 mortuis
693 1468 746 1506 ita
757 1481 891 1519 paren-

116 1524 119 1531 *
154 1526 335 1559 taverant.
374 1520 523 1561 Feralia
554 1522 636 1560 haee
665 1535 775 1560 saera
807 1523 889 1560 fuse

153 1573 463 1612 describitKirch
470 1588 642 1622 mannus,
650 1576 696 1613 de
704 1576 801 1614 Fun.
813 1577 890 1614 Ro-

153 1640 256 1665 man.
268 1640 327 1665 1v.
341 1633 358 1665 l·
372 1634 497 1678 etseq.
516 1629 576 1666 De
589 1629 744 1667 Claudii
758 1643 891 1680 paren-

152 1682 257 1720 tibus
272 1682 360 1719 -vide
376 1682 493 1720 Stem.
513 1683 608 1721 Caes.
622 1697 658 1722 n.
678 1687 729 1729 79
747 1691 784 1721 et
797 1689 862 1723 42.

209 1733 227 1751 ²
254 1735 383 1773 Patri.
415 1733 558 1774 Neroni
571 1737 891 1783 ClaudioDruso,

155 1789 202 1827 de
220 1789 333 1840 cujus
350 1789 532 1829 laudibus
551 1791 636 1830 vide
655 1792 773 1830 stem.
793 1793 890 1831 Caes.

154 1856 193 1882 n.
214 1849 279 1890 79.

208 1895 225 1917 ³
256 1897 448 1937 Circenses
466 1899 583 1937 ludos.
619 1897 775 1937 Sueton.
797 1900 890 1938 ibid.

156 1951 219 1990 De
238 1952 295 1990 his
314 1952 429 1997 ludis,
459 1961 496 1990 et
517 1958 613 2002 quot
639 1952 680 1990 in
709 1953 753 1989 iis
771 1961 891 1991 essent

154 2006 302 2051 missus,
317 2007 347 2044 si
367 2007 622 2057 geminaretur
634 2005 780 2055 laetitia,
793 2008 893 2045 dixi-

155 2073 244 2106 mus
261 2074 390 2111 supra.

209 2111 228 2134 ⁴
266 2114 408 2152 Matri.
491 2114 685 2163 Antoniae,
732 2116 890 2153 Antonii

153 2167 359 2205 Triumviri
394 2168 495 2214 filiae,
534 2169 695 2206 foeminae
725 2170 891 2220 optimae,

156 2222 270 2271 cujus
297 2222 429 2260 laudes
459 2223 545 2260 vide
573 2222 611 2260 in
643 2223 759 2261 Stem.
792 2224 890 2261 Caes.

154 2288 193 2313 n.
215 2280 280 2314 42.
309 2282 346 2313 et
366 2277 403 2313 in
420 2276 558 2327 Suppl.
579 2277 808 2315 Annal‘mn.
824 2281 890 2315 42.

157 2329 317 2368 Pietatis
337 2330 493 2368 Claudii
525 2330 564 2367 in
590 2337 751 2368 matrem
780 2335 890 2369 testes

156 2384 304 2421 nummi
342 2383 500 2433 plurimi
530 2390 567 2421 et
600 2384 745 2435 ubique
776 2385 892 2422 obvii.

156 2439 394 2487 Carpentum
430 2437 531 2483 vero,
574 2451 651 2488 quo
697 2438 893 2476 honestata

155 2491 334 2529 Antoniae
371 2492 566 2538 memoria,
610 2498 691 2529 erat
726 2492 891 2530 vehiculi

155 2557 272 2595 genus
301 2541 495 2582 mularu'm
526 2546 621 2596 bigis
645 2552 826 2591 tractum,
854 2547 893 2583 iu

156 2613 178 2648 q
186 2613 235 2636 uo
246 2599 332 2635 defu
339 2607 511 2636 netarum
524 2601 787 2649 Augustarum
799 2599 893 2638 ima-

150 2653 259 2704 gines
278 2665 343 2702 per
361 2653 510 2690 circum
530 2654 785 2691 ducebantur.

211 2704 227 2728 ⁵
258 2705 466 2756 Cognamen
500 2706 698 2758 Augustae.
756 2707 893 2756 Perpe-

157 2773 238 2799 ram
258 2761 296 2798 in
317 2759 478 2810 vulgatis
500 2760 671 2798 Suetonii
695 2761 733 2798 in
750 2760 891 2797 Claud.

159 2826 222 2852 xx.
262 2813 368 2851 libris
396 2813 547 2863 legitur,
584 2827 781 2865 cognomen
812 2812 892 2851 Αιι-

153 2873 277 2918 guscae
296 2869 340 2905 ab
360 2867 445 2905 avia
461 2873 682 2906 recusatum.
711 2869 894 2918 Comper-

159 2932 242 2959 tum
283 2923 460 2958 omnibus
491 2922 638 2959 Liviam
684 2933 891 2971 cognomen

159 2978 345 3025 Augustae
374 2988 449 3014 uon
471 2974 677 3024 recusasse,
705 2975 769 3013 scd
792 2975 891 3013 ultro

969 1199 1184 1251 usurpasse.
1240 1199 1393 1238 Idcirco
1409 1199 1561 1250 Lipsius
1579 1210 1707 1236 emen·

969 1254 1097 1300 dabat,
1126 1256 1170 1292 ab
1199 1253 1286 1292 viva
1317 1261 1560 1298 recusatum3
1590 1251 1705 1306 multi

969 1316 1101 1346 extant
1124 1309 1300 1346 Antoniae
1318 1307 1464 1345 nummi
1478 1316 1569 1347 cum
1589 1305 1704 1356 titulo

970 1361 1264 1404 ANTONIA
1296 1361 1605 1406 AVGVSTA,
1641 1359 1707 1398 sed

971 1415 1180 1466 imperante
1199 1410 1368 1453 Claudio
1387 1414 1484 1460 cusi,
1515 1423 1560 1452 ut
1589 1413 1709 1451 faten-

972 1476 1034 1507 tur
1051 1469 1121 1507 viri
1140 1481 1268 1507 omnes
1285 1469 1439 1507 eruditi.
1485 1468 1707 1519 Cognomen

970 1525 1157 1573 Augustae
1185 1523 1279 1560 olim
1299 1523 1433 1561 datum
1453 1522 1567 1560 fuisse
1586 1524 1709 1560 Anto·

971 1577 1042 1614 niae
1073 1576 1096 1614 ὲι
1139 1577 1236 1615 Caio
1275 1577 1358 1627 jam
1403 1576 1622 1614 notavimus
1665 1574 1707 1615 in

973 1629 1111 1701 Su‘ppl.
1132 1630 1274 1668 Annal.
1290 1643 1368 1669 vu.
1389 1627 1428 1668 6.
1693 1650 1708 1682 p

1059 1684 1224 1723 fratris.
1243 1684 1478 1730 Germanici,
1494 1693 1711 1733 numquam

971 1738 1061 1775 satis
1097 1737 1245 1776 laudati
1283 1738 1535 1790 imperatoris.
1606 1732 1708 1781 Vide

972 1792 1090 1829 Stem.
1110 1793 1206 1830 Caes.
1227 1805 1264 1830 n.
1285 1796 1349 1830 Sl.
1391 1791 1547 1829 Tabula
1575 1789 1712 1840 Antia-

973 1846 1065 1892 tina,
1094 1859 1210 1895 quam
1229 1846 1403 1883 eruditus
1422 1844 1594 1896 Vulpius
1619 1843 1720 1894 Soc,v

975 1899 1067 1937 Jesu
1084 1900 1299 1949 publicavit
1315 1907 1352 1937 et
1368 1898 1585 1944 illustravit,
1601 1904 1711 1936 notu

973 1966 1098 1991 mense
1137 1953 1314 1999 Octobri,
1360 1953 1433 1998 die,
1479 1959 1524 1991 ut
1559 1950 1712 2000 videtur

972 2004 1053 2056 (hic
1073 2007 1175 2044 enim
1194 2008 1378 2045 extritum
1397 2005 1591 2059 marmor),
1603 2012 1712 2046 sexto

973 2062 1059 2098 idus
1102 2059 1308 2099 INFER.
1353 2059 1711 2109 GERMANICJ.

973 2115 1011 2152 id
1031 2122 1098 2160 est,
1114 2114 1272 2167 inferias
1290 2113 1519 2152 Germanici.

1032 2166 1048 2188 ⁷
1070 2168 1301 2207 Honoribus.
1340 2169 1421 2206 Hos
1438 2167 1534 2206 inter
1549 2165 1714 2211 honora

974 2222 1200 2260 comoediam
1231 2222 1254 2260 ἒ),
1273 2222 1440 2260 Claudio
1468 2220 1649 2271 scriptam
1672 2226 1718 2260 et
1763 2218 1768 2223 ⁴

974 2284 1194 2314 coronatam
1226 2282 1392 2314 recenset
1429 2274 1633 2314 Suetonius
1666 2273 1709 2324 in

973 2329 1114 2368 Claud.
1145 2342 1205 2367 Χῖ.
1245 2330 1310 2367 Ad
1330 2329 1478 2382 fratris
1499 2327 1709 2379 memoriam
1737 2355 1743 2357 -

969 2398 1039 2435 per
1062 2397 1201 2422 omnem
1219 2384 1443 2422 occasionem
1471 2383 1709 2433 celebratam,

973 2437 1179 2476 comoediam
1199 2451 1338 2488 quoque
1358 2438 1529 2475 Graecam
1554 2435 1708 2486 Neapo-

973 2491 1091 2530 litano
1119 2491 1320 2530 certamine
1337 2490 1477 2536 docuit,
1500 2503 1544 2529 ac
1564 2490 1609 2527 de
1624 2502 1709 2542 senff

974 2544 1092 2583 tentia*
1115 2545 1291 2595 judicum
1311 2544 1518 2598 coronavit.
1565 2544 1610 2582 In
1628 2540 1706 2590 hae

974 2600 1068 2636 urbe
1113 2606 1257 2637 tantam
1303 2598 1526 2636 modestiam
1559 2609 1639 2648 prae
1670 2607 1712 2639 se

975 2652 1076 2698 tulit,
1090 2661 1134 2691 ut
1149 2661 1345 2702 tamquam
1361 2651 1532 2703 privatus
1547 2658 1585 2690 et
1603 2649 1713 2689 Grae·

974 2718 1108 2744 corum
1146 2719 1249 2743 more
1285 2706 1339 2743 ibi
1369 2705 1521 2751 viveret,
1552 2703 1711 2743 musicis

959 2760 1203 2810 'spectaculis
1242 2773 1330 2797 cum
1358 2758 1478 2809 pallio
1512 2765 1551 2797 et
1584 2756 1710 2807 soleiQ

975 2814 1154 2863 gymnico
1166 2813 1377 2850 amamini
1404 2825 1494 2850 cum
1516 2808 1710 2862 purpure*

974 2876 1072 2904 veste
1106 2877 1144 2904 et
1177 2866 1296 2915 aurea
1327 2866 1470 2905 corona
1504 2866 1714 2910 interesset.

976 2922 1070 2958 Haec
1095 2921 1186 2961 Dio,
1201 2933 1273 2958 Lx.
1290 2934 1327 2970 p.
1346 2917 1439 2958 668.
1699 2964 1701 2967 v

1025 2971 1040 2994 Β
1070 2974 1321 3026 Agrippinam
1354 2979 1391 3012 et
1426 2972 1583 3013 Juliam.
1645 2971 1708 3013 De
