1768 3236
82 211 183 252 J.‹:.
201 206 268 256 67·
314 209 330 219 ’
394 205 541 246 unm
570 178 772 244 'DEcnm
800 202 958 250 sExT1
988 202 1308 242 ANNALIUM.
1543 202 1621 244 461

83 313 219 381 cujus
239 311 428 360 interest
453 305 893 365 sceleralinfamare,
927 305 1152 370 sapienter
1173 307 1436 356 consultum
1457 290 1544 368 est,
1576 319 1631 358 ut

86 387 416 458 improbitati>
441 386 470 435 a
489 384 807 451 superstitione
829 383 918 432 sint
939 383 1106 432 intacti.

149 554 232 596 54.
269 545 527 602 RELIQUAE
550 553 705 590 autem
733 541 889 599 urbes,
921 538 1022 588 hac»
1041 538 1166 588 fama
1191 555 1287 589 non
1316 538 1535 600 defensae,
1568 543 1630 592 ad

86 622 332 689 opprObria
348 631 565 686 patuere:
601 635 661 667 ne
682 617 834 666 invitae
857 616 1064 682 quidem,
1088 618 1219 683 quod
1242 629 1287 666 et
1308 617 1442 666 solita
1456 619 1630 667 Princi-

88 718 203 768 pum
251 697 565 756 admiratione,
599 708 646 744 et
699 694 916 760 praemiis,
950 695 1010 768 ad
1057 694 1330 759 obsequium
1380 696 1630 760 laudesque

87 779 392 828 traherentur.
464 773 793 839 Olympiorum
832 772 948 838 ergo
966 775 978 794 ¹
1013 783 1059 820 et
1093 773 1370 838 Pythiorum
1397 773 1629 839 judicibus

89 856 138 904 in
160 872 262 904 eam
278 853 542 902 servitutem
559 850 804 915 corruptis,
820 864 982 898 omnes
1004 850 1209 898 certatim
1226 851 1274 898 in
1290 851 1633 899 venerationem

86 947 243 991 ruere,
276 929 570 979 victoriarum
603 928 812 976 omnium
847 928 1002 976 titulos
1023 928 1071 976 in
1093 945 1241 976 unum
1270 939 1315 976 et
1348 928 1632 977 immeritum

15 1003 19 1008 ⁷
89 1020 227 1074 caput
248 1024 517 1073 congerere,
550 1005 755 1071 undique
771 1021 963 1054 coronas
980 1022 1139 1053 aureas
1160 1005 1359 1064 adferre,
1393 1016 1456 1064 et,
1490 1021 1632 1070 quem

88 1087 207 1136 infra
229 1086 437 1134 homines
454 1084 677 1143 viderent,
709 1084 869 1132 Deum
902 1084 1144 1148 appellare.
1213 1085 1305 1133 Sed
1334 1083 1633 1148 improsperae

89 1163 376 1223 adulationis,
424 1162 573 1211 serius
615 1163 766 1211 adhuc
808 1162 1066 1227 expiandae,
1115 1162 1245 1210 brevi
1287 1178 1361 1209 eas
1399 1159 1639 1225 poenituit,

90 1241 336 1309 postquam
382 1241 625 1289 exhaustas
655 1240 877 1306 Principis
911 1258 1022 1305 opes
1058 1240 1149 1288 suis
1188 1239 1447 1304 civiumque
1486 1237 1634 1286 fortu-

89 1320 191 1369 nis?
220 1318 419 1383 reparari
448 1334 647 1377 sensere,
680 1335 847 1383 easque
879 1335 962 1382 per
991 1318 1378 1366 nobilissimorum
1411 1321 1634 1381 quorum-

91 1415 185 1464 que
211 1397 362 1459 caedes
391 1395 498 1460 peti.
532 1397 635 1445 Nec
669 1396 837 1455 luctus,
866 1396 951 1444 nisi
981 1398 1153 1460 majore
1186 1395 1337 1442 adhuc
1367 1393 1632 1452 formidine,

44 1526 56 1532 ,
91 1491 342 1540 repressuS,
376 1473 515 1522 exilio
539 1475 861 1521 damnatorum
895 1472 1046 1521 liberis
1060 1476 1074 1500 ³
1110 1472 1342 1520 intentato·

161 1637 242 1678 55.
277 1629 439 1676 HAUD
481 1627 645 1677 melior
684 1628 829 1689 Urbis
869 1626 1087 1686 conditio,
1139 1617 1345 1691 quamvis
1384 1626 1540 1676 Patres
1573 1627 1632 1673 ad

90 1707 292 1773 singulas
332 1705 542 1754 victorias
575 1708 686 1771 (nos
722 1705 846 1754 enim
888 1705 937 1751 in
978 1705 1078 1753 haec
1112 1705 1363 1752 verborum
1396 1702 1632 1752 mendacia

23 1790 34 1798 ‘
91 1795 266 1851 cogunt
293 1783 525 1848 tempora)
555 1783 712 1844 erecti,
745 1783 983 1831 continuas
1013 1781 1363 1846 supplicationes
1392 1781 1632 1838 haberent,

90 1862 144 1911 iis
190 1861 325 1910 etiam
357 1871 467 1908 tam
511 1861 758 1910 immodice
801 1859 941 1909 fastos
983 1868 1243 1917 onerarent,
1289 1864 1356 1906 ut‘
1379 1874 1439 1905 ne
1483 1873 1633 1905 annus

93 1938 313 2004 quidem*
357 1938 599 1986 sufficeret.
668 1940 817 1986 Immo
853 1948 904 1985 ut
942 1938 991 1984 in
1024 1954 1072 1985 se
1102 1936 1411 2000 impensarum
1453 1945 1631 1998 partem

89 2015 340 2075 traherent,
389 2015 561 2069 absenti
589 2015 790 2080 Principi
825 2032 1031 2071 annuum
1065 2014 1234 2063 centies
1269 2014 1349 2061 HS
1367 2015 1381 2040 ⁵
1416 2012 1630 2060 decreve-

93 2103 210 2141 rant.
278 2092 442 2141 Helius
475 2103 629 2140 tamen
663 2093 898 2141 materiam
937 2091 1206 2140 criminandi
1238 2091 1390 2139 adhuc
1423 2088 1631 2153 arripuit,

153 2307 167 2324 ¹
198 2308 447 2360 Olympiorum
465 2309 568 2361 ergb.
605 2311 826 2350 Philostrat.
953 2309 970 2327 ²
999 2306 1212 2361 Civivmqu'e
1218 2309 1406 2362 fortunis.
1446 2306 1630 2353 Di0,loc.

103 2363 194 2401 Vita
211 2363 387 2412 Apollon.
408 2375 467 2400 iv.
486 2369 551 2402 24.
612 2365 701 2408 Dio,
722 2366 826 2404 Libr.
901 2367 966 2405 cit.

100 2428 230 2454 Lxux.
249 2430 288 2466 p.
307 2421 398 2460 ¹720.
439 2418 586 2455 Alienae
604 2427 730 2457 autem
750 2420 828 2470 glo·
954 2417 968 2439 ³
1009 2419 1283 2456 Damnatorum
1330 2415 1469 2454 liberis.
1536 2414 1627 2460 Dio,

97 2470 164 2507 riae
181 2470 235 2507 ita
252 2471 414 2514 invidus,
428 2478 471 2508 ut
484 2485 528 2509 ne
545 2475 652 2523 cajus
671 2474 828 2511 alterius
901 2470 994 2511 ibid.
1278 2471 1279 2474 ¹

99 2524 370 2562 hieronicarum
388 2526 571 2572 memoria,
591 2531 658 2563 aut
677 2527 830 2578 vestigi-
954 2525 972 2547 4
1001 2527 1064 2564 Ne
1081 2538 1198 2564 annus
1216 2523 1371 2575 quidem.
1415 2521 1505 2567 Dio,
1526 2520 1631 2559 Libr.

99 2591 173 2623 um,
210 2583 356 2615 extaret
387 2590 551 2627 usquam,
589 2580 755 2618 subverti
791 2586 828 2618 et
861 2567 865 2631 Ι
904 2593 1032 2620 mun.
1052 2594 1089 2631 p.
1111 2583 1203 2622 723.
1260 2577 1352 2615 Inde
1371 2574 1539 2626 posteaa
1559 2575 1632 2612 Pa·
1687 2607 1689 2612 ,

60 2649 75 2664 ⁹
98 2643 192 2679 Wlssv
230 2631 345 2674 trahi,
387 2632 571 2682 abjicique
599 2633 638 2670 in
667 2634 826 2671 latrinas
900 2636 1022 2673 tribus
1040 2633 1191 2679 delecti,
1209 2631 1277 2682 qui
1298 2631 1430 2668 fastos
1448 2629 1633 2666 adulatio-

94 2685 256 2722 omnium
286 2689 432 2722 statuas
450 2691 484 2722 et
504 2687 681 2737 imagines
709 2687 827 2737 impe·
896 2702 946 2726 aze
966 2694 1166 2738 temporum
1180 2685 1348 2738 foedatos
1376 2686 1632 2726 exonerarent,

98 2738 249 2782 raverit,
301 2739 456 2776 Sueton.
492 2740 532 2777 in
567 2741 660 2777 Ner.
699 2752 826 2779 xxxv.
899 2741 1027 2780 Tacit.
1046 2742 1143 2779 infra
1162 2740 1263 2781 Hist.
1282 2751 1339 2776 ιν.
1361 2741 1426 2773 40.

99 2790 192 2829 Alia
221 2791 370 2830 invidiae
394 2800 431 2829 et
456 2794 691 2831 crudelitatis
718 2807 829 2844 argu·
953 2793 967 2815 ⁵
999 2794 1144 2833 Centies
1177 2792 1264 2832 HS.
1319 2790 1470 2829 Centies
1502 2795 1632 2827 sester-

98 2851 239 2888 menta,
273 2846 442 2883 maxime
473 2847 564 2884 cum
591 2848 629 2884 in
661 2847 828 2885 Isthmiis
902 2846 1013 2894 tium,
1044 2862 1109 2886 seu
1146 2848 1285 2884 centies
1318 2853 1476 2882 centena
1511 2842 1633 2880 millia

100 2898 298 2948 Epirotam
342 2899 541 2943 interfecit,
591 2901 678 2939 vide
723 2902 827 2952 apud
902 2901 1126 2948 sestertium,
1158 2901 1276 2951 Angl.
1298 2897 1471 2944 8:3‚333L
1492 2895 1548 2934 6⁸.
1567 2897 1632 2934 Sd.

101 2951 329 3018 Lucjanuxm
357 2965 396 3003 p.
419 2959 532 2992 1145.
