1768 3236
318 632 1398 707 SUPPLEMENTUM

614 798 805 864 mum
834 823 1083 870 QUINTI

487 965 1192 1047 ANN'ALIUM.

713 1221 985 1230 ---.—.-—-

429 1281 682 1315 AUCTORE
719 1283 983 1315 GABRIELE
1018 1280 1269 1316 BRo'rlERz

712 1369 983 1394 ’.ἶ-’ς

512 1529 577 1575 Α.
601 1526 668 1576 U.
694 1528 752 1577 C.
790 1532 902 1579 782.
938 1526 979 1576 J.
1006 1526 1065 1575 C.
1090 1529 1170 1573 29.

66 1667 70 1670 ’
142 1679 187 1719 1.
218 1649 511 1718 Rom-:nmo
555 1682 602 1719 et
644 1672 781 1720 Fufio
825 1670 1128 1731 consuh'bu8,¹
1185 1686 1389 1736 quorum
1432 1668 1617 1736 utrique

75 1747 306 1798 Geminus
340 1761 704 1814 cognomentum
740 1761 853 1808 erat,
887 1749 1007 1799 Julia
1028 1752 1245 1816 Augusta
1266 1759 1467 1796 mortem
1486 1747 1620 1808 obiit,

69 1836 206 1874 aetate
228 1826 455 1885 extrema,
488 1827 732 1876 nobilitatis
753 1845 838 1892 per
862 1826 1107 1876 Claudiam
1139 1824 1378 1885 familiam,
1411 1837 1457 1874 et
1477 1825 1620 1891 adop·

70 1901 196 1950 tione
217 1901 458 1951 Liviorum
479 1904 802 1970 ‚Iuliorumque
825 1904 1100 1953 clarissimae.
1168 1903 1380 1952 Primum
1401 1902 1443 1951 ei
1465 1901 1620 1951 matri·

41 1980 280 2037 'monium
315 1992 362 2028 et
398 1982 528 2029 liberi
570 1981 721 2043 fuere,
761 2000 872 2032 cum
906 1982 1097 2032 Tiberio
1130 1982 1340 2040 Nerone,
1375 1979 1455 2046 qui
1489 1979 1619 2028 bello

68 2057 292 2127 Perusino
314 2058 559 2124 profugus,
573 2077 686 2124 pace
708 2051 827 2109 inter
849 2062 960 2110 Sex.
995 2058 1272 2125 Pompeium
1284 2075 1340 2107 ae
1351 2056 1619 2105 triumviros

70 2133 223 2198 pacta,
255 2135 304 2182 in
338 2137 525 2184 Urbem
569 2138 718 2186 rediit.
785 2137 913 2187 Exin
950 2138 1129 2196 Caesar,
1174 2134 1390 2201 cupidine
1430 2133 1619 2196 formae,

68 2209 221 2260 aufert
254 2213 437 2272 marim,
470 2213 699 2263 incertum
720 2232 780 2263 an
801 2215 1007 2274 invitam,
1038 2214 1158 2263 adeo
1194 2229 1439 2278 properus,
1471 2224 1525 2262 ut
1556 2229 1621 2263 ne

68 2289 214 2352 spatio
248 2290 439 2354 quidem
460 2293 519 2340 ad
542 2293 810 2343 enitendum
844 2296 970 2353 dat0‚
1003 2291 1244 2358 penatibus
1265 2290 1359 2339 suis
1377 2290 1618 2358 gravidam

67 2363 315 2414 induxerit.
331 2363 349 2369 ”
383 2369 578 2417 Nullam
600 2371 794 2436 postth
817 2371 1031 2421 subolem
1065 2369 1221 2418 edidit.
1288 2367 1384 2417 Sed
1404 2366 1616 2434 sanguini

67 2444 271 2509 Augusti
288 2462 371 2508 per
388 2448 760 2511 conjunctionem
774 2448 1048 2515 Agrippinae
1064 2459 1110 2496 et
1128 2443 1396 2496 Germanici
1417 2445 1617 2504 adnexa,

66 2536 338 2569 communes
361 2536 638 2588 pronepotes
659 2525 848 2574 habuit:
884 2525 1118 2574 sanctitate
1140 2523 1313 2572 domus
1333 2521 1538 2588 priscum
1554 2521 1615 2569 ad

66 2613 266 2656 morem,
281 2599 425 2646 comis
449 2601 568 2649 ultra
590 2603 734 2666 quam
756 2603 953 2668 antiquis
970 2600 1173 2651 foeminis
1189 2602 1454 2666 probatum,
1467 2610 1616 2647 mater

65 2673 311 2740 impotens,
347 2694 470 2725 uxor
505 2677 667 2739 facilis,
701 2692 748 2729 et
776 2698 886 2729 cum
916 2681 1090 2730 ainhus
1123 2678 1291 2738 mariti,
1323 2674 1613 2727 simulatione

118 2828 337 2869 'Rubellio
376 2839 412 2870 et
450 2833 557 2884 Fufio
590 2834 683 2873 coss.
738 2836 803 2873 Ad
878 2837 935 2874 Ea
961 2849 1033 2874 suo
1066 2833 1155 2873 loco
1191 2833 1291 2872 notis
1322 2830 1611 2877 illustravimus,

64 2884 248 2932 majorem
282 2885 449 2924 historiae
479 2887 645 2925 lucem‹
633 2889 805 2939 quinque
867 2903 973 2940 quas
1001 2891 1141 2927 iterum
1158 2887 1269 2926 edere
1285 2894 1613 2936 supervacaneum

64 2937 195 2986 priora
231 2939 277 2975 C.
308 2940 476 2977 Cornelii
508 2942 638 2980 Taciti
678 2944 810 2993 capita
878 2945 989 2991 foret,
1017 2952 1055 2980 et
1073 2943 1283 2992 ingratum

65 2987 132 3028 hic
153 2992 438 3043 repraesentasse
456 2995 561 3033 haud
573 2996 644 3033 erit
658 2996 809 3034 inutile.
