1768 3236
702 187 1021 227 AGRICOLA.‘
1516 193 1592 233 117

52 298 89 325 ‘¹
122 295 313 344 derunt:
337 292 543 358 reliquus
564 303 632 341 est
653 308 876 340 numerus
896 290 1177 357 ignavorum·
1193 303 1239 339 et
1259 294 1586 343 metuentium}

2 415 3 422 ,
52 378 88 404 “
123 389 242 438 quos
259 372 390 437 quod
412 372 599 419 tandem
620 370 869 428 invenistis,
885 386 982 416 non
1004 369 1301 428 restiterunt,¹
1324 371 1406 418 sed
1427 372 1588 436 depre-

2 463 4 466 ’
52 455 88 479 “
122 449 252 497 hensi
295 460 402 496 sunt
441 446 701 495 novissimi:
742 463 816 494 res
855 458 900 494 et
935 458 1145 494 extremo
1189 458 1316 494 metu
1331 450 1348 472 ²
1392 465 1590 512 corpora

51 532 89 556 “
123 527 328 576 defixere
360 526 409 573 in
438 526 509 573 his
537 525 753 590 vestigiis,
785 525 834 571 in
867 524 1034 588 quibus
1066 523 1310 588 pulchram
1340 536 1386 571 et
1417 537 1590 588 specta-

53 609 88 632 “
120 604 261 652 bilem
283 602 519 651 victoriam
541 603 749 650 ederetis.
797 602 1055 667 Transigite
1073 618 1183 649 cum
1203 601 1586 665 expeditionibus,

53 689 87 711 “
121 682 340 746 imponite
362 681 692 746 quinquaginta
719 679 847 727 annis
859 667 889 707 ‘³⁵
910 687 1135 744 magnum
1165 678 1306 737 diem,
1337 680 1586 742 adprobate

53 765 88 789 “
121 758 384 826 reipublicae
427 773 683 822 numquam
728 756 949 804 exercitui
992 756 1206 820 imputari
1249 755 1467 820 potuisse,
1508 768 1586 804 aut

53 842 88 866 “
123 852 274 884 moras
295 834 421 893 belli,
442 845 522 882 aut
544 848 701 882 causas
724 833 1026 882 rebellandi.’'
1043 837 1061 863 ⁴

120 998 198 1039 35.
232 991 310 1038 ΕΤ
346 991 623 1054 adloquente
645 992 796 1039 adhuc
819 990 1044 1056 Agricola
1078 990 1275 1039 militum
1303 990 1443 1038 ardor
1475 991 1585 1038 emi-

39 1058 205 1127 nebat,
241 1080 286 1115 et
326 1069 467 1115 finem
512 1068 728 1115 orationis
771 1059 934 1133 ingens
977 1068 1181 1117 alacritas
1219 1079 1463 1116 consecuta
1499 1079 1584 1126 est,

51 1146 293 1210 statimque
331 1146 389 1192 ad
428 1162 556 1192 arma
594 1147 866 1194 discursum.
936 1146 1177 1194 Instinctos
1211 1156 1488 1209 ruentesque
1523 1145 1584 1192 ita

54 1223 307 1287 disposuit‚⁵
325 1234 376 1270 ut
392 1223 598 1286 peditum
615 1224 799 1282 auxilia,
818 1241 923 1288 quae
940 1234 1046 1271 octo
1064 1223 1205 1270 millia
1221 1234 1368 1281 erant,
1384 1222 1583 1271 mediam

0 1342 2 1349 .
50 1301 196 1349 aciem
231 1301 498 1364 firmarent:
535 1300 742 1364 equitum
780 1301 865 1348 tria
903 1301 1059 1359 millia,
1105 1300 1320 1347 cornibus
1363 1299 1583 1347 adfunde-

52 1389 241 1426 rentur:
278 1376 480 1442 legiones
518 1394 604 1442 pro
637 1378 758 1426 vallo
796 1390 979 1437 stetere,
1013 1378 1175 1443 ingens
1207 1376 1409 1426 victoriae
1442 1377 1584 1424 decus

109 1534 123 1552 ¹
153 1534 243 1573 Nou
279 1534 516 1573 restiterunt.
551 1536 606 1573 Ut
644 1536 783 1574 Roma-

53 1601 121 1626 nos
138 1595 413 1639 oppugnarent.
462 1618 465 1622 .

109 1641 126 1658 ²
153 1643 228 1680 Res
262 1649 299 1680 et
331 1652 492 1680 extremo
522 1649 634 1681 metu.
678 1644 779 1682 Vide

54 1704 132 1733 not.
150 1704 186 1733 et
203 1697 350 1733 emend.
366 1697 411 1733 ad
431 1709 517 1746 cap.
535 1701 601 1734 34.

107 1747 121 1769 ³
169 1750 451 1800 Quinquaginta
484 1751 605 1788 anuis.
650 1750 779 1789 Aulus

54 1804 246 1848 Plautius,
264 1817 353 1840 mox
381 1803 568 1846 Claudius
585 1804 675 1854 ipse,
703 1806 778 1843 lm-

51 1866 215 1907 perator,
227 1857 484 1894 Britannicum
497 1858 776 1907 expeditionem

50 1924 248 1962 suscepere
279 1913 329 1948 A.
351 1912 398 1948 U.
415 1914 459 1948 C.
486 1910 577 1954 796.
615 1925 661 1950 ac
691 1925 777 1962 pro-

51 1966 138 2005 inde
155 1966 204 2003 ad
227 1964 327 2001 hunc
351 1968 397 2002 A.
412 1965 515 2002 U.C.
536 1967 776 2015 838.'11uiii‹›-

52 2026 186 2057 rantur
204 2018 353 2056 tantum
375 2019 463 2055 anui
481 2023 547 2056 42.
584 2016 670 2057 -Hic
687 2019 775 2069 ergo

51 2072 321 2123 quinquaginta
355 2072 462 2109 annis
499 2072 598 2109 idem
630 2083 696 2120 est,
727 2087 774 2111 ac

0 2176 4 2177 ⁷
37 2126 167 2178 ferm&
185 2125 453 2176 quinquaginta
470 2126 589 2163 annis.

102 2178 122 2204 4
148 2180 230 2218 Aut
263 2192 392 2216 causas
426 2179 641 2217 rebellandi.
687 2180 778 2228 Pro·

51 2233 139 2271 bate
158 2245 280 2270 moras
309 2233 395 2270 belli
415 2247 461 2270 ex
489 2233 659 2270 locorum
679 2233 776 2270 diiii-

51 2287 210 2330 cultate,
229 2299 361 2324 causas
381 2287 586 2324 rebellandi
604 2299 652 2324 ex
672 2287 774 2324 inco-
809 2285 814 2362 1

53 2340 177 2378 larum
197 2341 322 2378 indole
338 2340 451 2378 fuisse
471 2341 670 2390 profectas.
810 2370 814 2395 Ι

107 2391 121 2414 ⁵
152 2394 219 2431 Ita
236 2393 428 2444 disposuit.
460 2394 538 2431 llic
557 2394 704 2431 videtur
719 2393 777 2430 fu-

50 2447 331 2497 issccutriusque
349 2447 540 2485 exercitus
556 2449 662 2485 ordo.
707 2448 777 2484 Per

51 2501 199 2539 acclive
239 2501 376 2538 montis
421 2501 596 2551 Grampii
635 2501 774 2551 jugum

7 2594 14 2601 .
52 2555 269 2605 insurgebat
308 2554 478 2592 maxima
510 2556 775 2592 Britannorum

51 2620 158 2659 pars:
188 2608 353 2659 primuni
371 2621 501 2645 eorum
529 2621 662 2668 agmen
681 2608 778 2644 infra

52 2669 242 2700 montem:
274 2674 406 2699 eorum
422 2661 603 2699 eovinarii
616 2672 654 2699 et
672 2662 780 2710 equi-

51 2723 107 2752 tes
121 2715 246 2752 media
263 2715 389 2765 campi
405 2714 659 2766 complebant.
702 2715 780 2751 Ex-

50 2769 191 2806 ercitus
209 2778 338 2807 autem
357 2769 518 2809 Romani
538 2769 662 2810 media
678 2768 778 2805 acies

53 2824 254 2860 constabat
295 2822 469 2873 peditum
505 2821 674 2867 auxiliis,
708 2834 778 2859 uu-

51 2888 157 2913 mero
182 2884 270 2913 octo
289 2875 481 2913 millibus:
510 2876 685 2925 equitum
706 2874 778 2911 tria

45 2928 176 2966 millia
203 2929 384 2967 cornibus
408 2929 548 2977 affusa:
577 2936 660 2979 post
677 2941 779 2965 aux—

51 2981 121 3021 ilia
156 2982 337 3033 Agricola
378 2983 503 3021 stabat
547 2982 660 3032 pedes
692 2990 779 3019 ante

849 1535 1013 1574 vexilla:
1049 1540 1148 1573 retro
1184 1534 1347 1585 legiones
1386 1534 1577 1578 Romanae,

847 1599 933 1626 ante
950 1590 1092 1626 vallum
1109 1590 1316 1639 dispositae:
1336 1589 1375 1625 in
1386 1588 1576 1638 legionum

848 1643 1015 1693 vallique
1046 1643 1240 1688 lateribus,
1271 1643 1449 1692 equitum
1484 1655 1580 1692 qua-

846 1705 934 1739 tuor
956 1698 1026 1734 ala:
1055 1699 1103 1734 ad
1131 1697 1260 1733 subita
1291 1695 1381 1733 belli
1411 1702 1577 1733 retentae.

847 1751 1051 1789 Exercitus
1065 1750 1123 1788 sui
1136 1751 1283 1787 ordines
1297 1749 1454 1786 diduxit
1468 1750 1579 1798 Agri·
1592 1775 1597 1783 t

844 1805 944 1851 cola,
964 1817 1009 1842 ne
1027 1805 1127 1842 frons
1147 1804 1243 1842 foret
1259 1803 1467 1853 angustior.
1504 1803 1578 1840 Lo-

851 1871 920 1896 cus
938 1866 1065 1896 autem
1087 1870 1222 1908 pugnae
1237 1836 1333 1894 fuito'
1325 1870 1363 1894 in
1382 1869 1472 1907 prov
1475 1854 1579 1894 incia

851 1912 1066 1956 Strwttlzem,
1088 1925 1203 1962 prope
1226 1911 1370 1956 locum,
1389 1910 1456 1960 qui
1475 1922 1578 1948 nunc

851 1966 995 2003 dicitur
1015 1965 1118 2003 Kitl
1145 1961 1578 2017 qf'Comerie.1biex-

852 2028 932 2058 tunt
965 2020 1093 2057 adhuc
1124 2009 1202 2056 ‹liio
1233 2026 1357 2056 castra
1392 2018 1577 2064 Romana,

851 2087 938 2123 qua·
955 2073 1110 2110 exhibet
1124 2073 1296 2110 eruditus
1310 2072 1484 2116 Gordon,
1503 2071 1580 2109 Iti-

850 2126 1038 2164 vermium.
1051 2125 1361 2176 Septentrionale,
1370 2124 1524 2173 Tabula
1538 2138 1576 2162 v.

851 2181 985 2240 Neque
997 2188 1052 2217 est
1065 2179 1167 2229 quod
1179 2176 1375 2228 objiciant'
1377 2188 1500 2216 castra
1511 2178 1580 2216 1lla

850 2235 997 2271 minora
1033 2247 1123 2278 esse,
1158 2246 1285 2282 quum
1312 2241 1355 2269 ut
1390 2232 1577 2269 exercitui

850 2288 1023 2325 Romano
1045 2288 1216 2324 sufficere
1234 2286 1439 2336 potuerint.
1489 2275 1579 2324 Alia

851 2350 950 2378 retro
973 2350 1012 2378 et
1043 2341 1169 2378 vicina
1195 2347 1301 2376 erant
1328 2347 1463 2385 castra,
1491 2353 1577 2396 quae

851 2404 937 2432 aute
965 2407 1132 2444 pugnam
1159 2394 1354 2431 obtinebat
1383 2389 1577 2431 Romanus

850 2449 1053 2486 exercitus.
1110 2447 1254 2484 Extant
1274 2460 1439 2497 quoque,
1466 2454 1504 2496 et
1534 2460 1578 2485 ea

851 2502 1006 2539 exhibet
1022 2501 1084 2539 Cl.
1101 2500 1260 2538 Gordon
1288 2501 1326 2537 in
1348 2500 1419 2538 suti
1443 2501 1577 2539 tabula

853 2554 1134 2606 Geographica.
1190 2554 1337 2604 insigne
1352 2562 1482 2597 autem
1503 2554 1580 2592 vic-

853 2609 958 2646 toriae
976 2615 1263 2646 monumentum
1286 2607 1361 2645 fuit
1386 2608 1468 2658 ipsa
1487 2609 1578 2646 urbs

853 2662 1039 2707 Victoria,
1070 2674 1171 2698 nunc
1201 2661 1430 2712 Abernetlty.
1487 2661 1577 2698 Non

853 2716 892 2752 in
926 2716 1007 2766 ipso
1037 2715 1158 2767 praelii
1191 2727 1341 2764 campo,
1374 2715 1437 2752 sed
1474 2715 1579 2765 quod

856 2769 1094 2811 commodius
1121 2775 1159 2806 et
1186 2769 1320 2813 tutius,
1343 2768 1498 2806 condita
1525 2775 1580 2804 est

854 2824 902 2860 ad
930 2823 1058 2864 Taum
1086 2821 1321 2866 aestuarium,
1346 2834 1448 2859 nunc
1469 2821 1580 2858 Fit-tlt

855 2876 903 2927 qs
917 2877 1011 2927 Tay,
1039 2876 1076 2913 in
1101 2875 1234 2917 eadem
1254 2873 1451 2926 provincia
1471 2873 1582 2912 Stra-

857 2929 979 2968 thern.

915 3023 937 3034 x
