1768 3236
2 2911 4 2915 ·
52 2913 134 2939 rere
149 2914 289 2940 vanum
305 2908 372 2940 oet.

688 166 1008 206 GERMANJA.
1522 169 1594 211 57'

37 283 75 311 “
104 275 259 329 Frisiis

258 275 323 298 ”¹
367 272 646 324 vocabulum
688 282 775 330 est,
824 287 888 318 ex
931 269 1074 318 modo
1116 269 1314 319 virium:
1364 284 1576 341 ntraeque

30 354 244 409 nationes
265 368 412 418 usque
433 351 493 401 ad
516 351 761 399 Oceanum
785 347 957 396 Rheno
978 358 1318 410 praetexuntur,
1351 352 1578 403 ambiunt..

30 449 132 499 que
163 432 425 481 immensos.
447 428 634 491 insuper
664 426 828 484 laem,²
860 435 906 472 et
931 424 1155 473 Romanis
1177 425 1423 475 classibus3
1454 430 1578 480 navi.

36 521 184 575 gatos-

269 508 429 572 Ipsum
471 504 722 570 quinetiam
768 503 1012 552 Oceanum
1049 501 1130 550 illa
1178 504 1481 555 tentavimus:
1531 520 1580 558 et

30 602 276 651 superesse
307 584 459 644 adhuc
495 581 714 631 Herculis
753 581 1025 630 columnas⁴
1057 578 1181 628 fama
1212 581 1417 647 vulgavit
1433 601 1448 631 ε
1483 585 1580 636 sive-

34 663 147 717 adiit
181 662 427 721 Hercules,
473 678 555 709 seu
594 659 820 725 quidquid
846 657 1030 723 'ubique
1069 658 1370 725 magnificum
1410 673 1494 721 est,
1526 663 1577 715 in

32 740 290 795 claritatem
318 741 416 807 ejus
443 737 619 791 referre
651 736 980 787 ‘consensimus-
1048 737 1152 785 Nec
1187 735 1334 785 defuit
1368 739 1580 792 audentia

38 817 201 866 Druso
226 817 539 867 Germanico:
557 819 572 844 ⁵
604 817 686 864 sed
709 814 880 863 obstitit
889 816 1122 870 ‘Oceanus
1142 814 1191 861 in
1213 830 1263 862 se
1283 814 1420 863 simul
1441 828 1581 882 atque

39 894 89 944 in
109 895 365 944 Herculem
397 893 579 958 inquiri.
647 894 770 940 Mox
803 908 942 940 nemo
965 891 1181 939 tentavit:
1216 892 1507 958 sanctiusque
1527 911 1582 945 ac

38 972 323 1027 reverentius
344 972 512 1031 visum,
535 973 594 1020 de
616 971 726 1041 actis
747 971 963 1019 Deorum
985 969 1193 1028 credere,
1217 969 1360 1034 quam
1380 971 1514 1020 scire.

110 1136 189 1176 35.
237 1129 536 1176 HACTENUS
581 1126 631 1174 in
671 1125 977 1174 Occidentem
1016 1124 1317 1174 Germaniam
1351 1125 1609 1182 novimus..

42 1206 98 1253 In
136 1205 521 1270 Septemtrionem
556 1204 730 1270 ingenti
765 1203 892 1254 flexu
930 1203 1063 1251 redit.

1131 1205 1207 1250 Ac
1244 1202 1396 1266 primo
1429 1204 1582 1253 statim

45 1283 346 1351 Chaucorum
369 1279 538 1349 gens‚⁶·
555 1299 839 1347 quamquam
871 1280 1053 1345 incipiat
1082 1281 1111 1329 a
1136 1279 1306 1340 Frisiis,
1329 1296 1381 1328 ac
1402 1293 1583 1345 partem

41 1449 110 1496 vii,
149 1449 355 1498 Emmeren,
404 1450 556 1489 accolas
598 1436 773 1489 numerat

0 1502 11 1552 Ῐ
45 1478 191 1542 Inhstr.
201 1504 249 1541 de
260 1480 519 1555 Fuis’tenberg,
528 1503 772 1543 Monumenta

44 1557 380 1607 foderem-neusin,
407 1570 447 1610 p.
469 1563 559 1598 181.

100 1662 115 1681 ¹
145 1664 429 1717 4ἳὺῙίπον-ἰῖνιιειμιε
448 1666 594 1704 Frisiis.
650 1665 775 1713 Frisii,

46 1717 261 1758 Friezland.
317 1719 382 1758 Cis
402 1721 570 1767 Flevum,
589 1732 693 1758 nunc
709 1720 775 1758 ‘tlte

46 1772 286 1824 Zuyder-z'ee‚
313 1773 539 1812 habitabant
569 1773 676 1812 Frisii
705 1774 776 1812 mi·

37 1838 176 1873 *nores3
213 1835 315 1865 trans
345 1826 517 1875 Flevum,
554 1827 662 1866 Frisii
695 1841 777 1866 ma-

45 1893 160 1930 Jores.

102 1931 123 1950 ²
149 1934 351 1974 Immensos
368 1935 518 1986 insuper
542 1935 658 1974 lacus.
714 1936 774 1974 Ibi

42 1988 127 2038 jam
151 1989 410 2027 Romanorum
442 1991 676 2040 temporibus
706 1990 777 2028 im-

48 2043 167 2080 mensi
185 2041 305 2081 lacus.
342 2043 452 2089 Quos
470 2044 630 2094 majores
646 2043 776 2082 adhuc

49 2096 171 2135 fecere
186 2097 363 2147 plurimae
373 2097 484 2135 maris
498 2097 776 2146 inundationes,

43 2163 96 2189 ac
125 2147 292 2188 maxime
310 2163 356 2188 ea
373 2163 459 2201 quae
490 2151 649 2202 contigit
674 2163 775 2190 anno

53 2207 170 2242 1530.
204 2217 290 2254 quae
327 2205 424 2242 duos
457 2217 504 2242 ac
537 2205 777 2256 septuaginta

50 2270 164 2309 pagos
210 2257 429 2296 tumulavit.
497 2261 610 2297 Anno
659 2260 775 2304 1569.

49 2311 128 2349 alia
144 2311 219 2350 fuit
235 2319 273 2349 et
292 2313 423 2350 tetrior
438 2313 661 2359 exundatio,
688 2325 775 2363 quae

50 2376 226 2415 magnam
254 2365 430 2404 littoralis
450 2366 667 2404 Hollandiae
690 2379 778 2417 par·

52 2426 141 2468 tem,
168 2426 286 2457 totam
310 2419 387 2457 fere
406 2420 563 2457 brisiam
591 2420 776 2468 contexit,

50 2480 89 2510 et
107 2471 165 2509 vel
185 2473 223 2510 in
250 2472 331 2510 sola
350 2473 469 2511 Frisia
496 2473 628 2524 viginti
655 2473 777 2522 millia

50 2524 250 2564 hominum
271 2526 411 2566 hausit.

105 2575 121 2601 ³
149 2580 327 2618 Romanis
343 2581 533 2619 classibus.
588 2581 690 2619 Vide
716 2594 779 2620 su-

51 2645 124 2685 pra
140 2633 281 2671 Annal.
301 2646 333 2672 1.
352 2638 417 2678 70.
435 2643 473 2672 et
492 2646 542 2673 11.
561 2639 598 2673 8.

102 2685 123 2707 ⁴
150 2687 330 2726 Herculis
357 2687 574 2731 columnas„
609 2687 687 2726 Ubi
707 2694 779 2726 ter-

52 2751 182 2779 rarum
200 2741 362 2787 termini,
389 2753 457 2779 nec
475 2740 561 2792 plus
580 2741 694 2786 ultra,
725 2742 778 2781 ibi

51 2794 253 2832 maritimae
281 2802 406 2845 gentes
434 2795 575 2833 finxere
600 2795 781 2834 Herculis

51 2847 264 2896 columnas.
319 2848 428 2894 Quas
459 2849 615 2899 quidem
653 2848 782 2900 inqui·

412 2902 514 2947 Quae
530 2908 658 2940 tamen
672 2903 780 2953 apud

54 2953 193 3008 frisios
222 2955 527 3004 celebrabantur,
554 2955 660 2996 fuere
690 2955 780 2996 sanc

850 1450 888 1488 in
908 1447 1115 1488 Frisiorum
1133 1446 1287 1494 finibus,
1314 1445 1471 1486 minime
1489 1445 1579 1488 νει-ὃ

847 1504 889 1541 in
908 1501 1050 1542 Suecia
1062 1502 1398 1554 promontorioque
1413 1501 1583 1541 Cimme-

851 1557 922 1603 rio,
952 1563 996 1595 ut
1011 1556 1095 1594 vult
1122 1555 1296 1594 eruditus
1315 1556 1580 1604 Rudbeckius,

851 1611 1064 1656 Atlantica,
1090 1623 1130 1662 p.
1148 1612 1223 1648 251
1243 1617 1281 1647 et
1297 1622 1361 1661 seq

905 1663 920 1686 ⁵
968 1664 1099 1703 Druso
1144 1663 1381 1704 Gemanica.
1433 1662 1582 1702 Tiberii

853 1719 1096 1781 Imperatoris
1123 1718 1253 1763 fratre,
1284 1725 1392 1768 patre
1420 1718 1581 1757 Germa-

852 1773 954 1819 nici;
1003 1772 1128 1811 Frisiis
1164 1771 1351 1809 tributum
1385 1771 1582 1826 imposuit,

854 1834 899 1865 ut
922 1827 1088 1865 vidimus
1113 1838 1230 1887 supra
1259 1824 1401 1863 Annal.
1421 1837 1482 1864 xv.
1511 1829 1578 1869 72.

852 1881 1006 1932 aliaque
1025 1879 1174 1931 egregia
1189 1879 1228 1917 in
1246 1878 1458 1917 Germania
1485 1892 1581 1931 prae-

850 1935 959 1973 stitit.
1014 1934 1134 1985 Plura
1158 1932 1244 1970 vide
1270 1933 1309 1970 in
1338 1933 1459 1971 Stem.
1482 1934 1581 1973 Caes.

850 2001 890 2028 n.
907 1993 973 2033 79.
998 1988 1091 2026 Vol.
1110 1999 1150 2025 v.

905 2040 922 2059 ⁶
950 2041 1182 2080 Chaucorum
1207 2054 1314 2092 gens.
1346 2039 1498 2079 Chauci
1529 2041 1581 2079 ab

854 2095 1006 2135 Amisia
1042 2096 1091 2134 ad
1115 2094 1265 2133 -Albim
1301 2093 1420 2132 littori
1467 2094 1582 2133 maris

854 2149 1205 2201 praetendebantur:
1249 2149 1352 2186 unde
1395 2148 1582 2196 omnium,

854 2203 902 2241 de
920 2204 1060 2255 quibus
1087 2202 1202 2241 modo
1222 2203 1371 2240 dictum
1400 2210 1467 2247 est,
1495 2215 1583 2252 gen·
1622 2244 1628 2252 ⁴

854 2257 954 2295 tium
967 2257 1149 2296 lateribus
1159 2256 1476 2302 obtendebantur,
1488 2269 1583 2306 quas

853 2311 952 2356 inter
995 2309 1033 2349 et
1077 2310 1291 2348 Cheruscos
1332 2311 1585 2348 sinuabantur

855 2377 978 2414 usque
996 2365 1034 2403 in
1052 2364 1199 2415 Cattos.
1239 2363 1585 2415 Distinguebantur

856 2417 1009 2457 Chauci
1030 2418 1204 2479 majores·-
1208 2424 1246 2455 et
1266 2417 1439 2455 minores.
1497 2419 1584 2456 Ma-

850 2471 953 2522 jores
980 2472 1146 2518 Chauci,
1176 2471 1207 2509 si
1238 2471 1330 2509 fides
1366 2471 1584 2520 Ptolemaeo‚

856 2525 955 2563 inter
966 2526 1162 2575 Visurgim
1175 2531 1214 2563 et
1234 2525 1387 2570 Albim
1410 2526 1584 2574 minores,

853 2580 951 2617 inter
979 2580 1166 2617 Amisiam
1193 2585 1231 2617 et
1263 2579 1406 2629 Visurg
1393 2579 1472 2617 rim.
1530 2581 1586 2618 At

853 2646 901 2670 ex
920 2632 1058 2671 ''lacito
1083 2633 1223 2671 Annal.
1242 2643 1301 2669 x1.
1324 2636 1386 2677 19.
1431 2632 1582 2671 Chauci

855 2687 1016 2736 majores
1029 2686 1205 2725 videntur
1218 2685 1346 2737 potius
1360 2687 1474 2724 fuisse
1488 2686 1585 2725 inter

857 2741 1045 2779 Amisiam
1077 2748 1116 2778 et
1149 2740 1355 2790 Visurgim.
1414 2740 1583 2778 Minores

856 2793 954 2832 inter
973 2794 1168 2844 Visurgim
1186 2800 1224 2832 et
1244 2793 1390 2832 Albim.
1435 2793 1498 2832 Cl.
1518 2793 1586 2831 Al-

853 2847 949 2897 ‘ting,
968 2848 1064 2886 Not.
1093 2847 1272 2886 German.
1300 2846 1426 2898 Irffer.
1457 2861 1494 2897 p.
1518 2851 1586 2885 41.

857 2901 1052 2939 existimat
1079 2902 1135 2938 ita
1162 2899 1375 2952 appellatos
1393 2900 1586 2947 Chaucos,

858 2955 952 3006 quia
970 2954 1132 3007 KauIten
1150 2954 1336 3001 dicuntur
1352 2953 1427 3003 viri
1448 2953 1520 3005 fide
1537 2966 1584 2992 ac
