1768 3236
49 206 236 252 J.C.46.
456 205 603 247 LIBRI
633 203 836 245 DECIMI
864 204 1184 246 ANNALIUM.
1522 214 1604 256 427

22 365 26 370 .
52 316 84 341 “
117 313 287 375 liberos
307 309 427 371 fore,
459 292 546 359 nec
568 309 797 368 redituros
817 308 866 357 in
888 309 1109 358 ditionem
1149 309 1340 371 domini,
1374 311 1411 361 si
1433 331 1599 366 conva-

50 395 84 423 μ
119 391 337 440 luissent:
374 388 505 453 quod
527 387 564 437 si
587 387 689 452 quis
724 379 889 438 necare
929 404 1071 451 quem
1109 388 1266 437 mallet
1289 389 1432 455 quam
1455 411 1597 459 expo.

53 474 86 496 “
118 474 248 527 nere,
282 483 392 515 eum
414 465 552 515 caedis
575 464 765 514 crimine
788 465 986 512 teneri.”

121 631 201 672 30.
238 624 437 670 VERUM
474 622 532 669 ab
572 636 708 684 aequo
747 619 805 666 ad
846 618 1087 667 temeraria
1124 620 1216 670 cito
1257 622 1517 690 degressus,
1552 641 1598 678 et

49 700 176 768 aegre
222 699 375 748 ferens
413 697 616 768 absentia
655 697 953 762 litigatorum,
987 698 1067 763 qui
1110 716 1170 747 ne
1209 701 1346 749 causa
1383 705 1599 756 caderent

49 780 344 836 verebantur,
372 776 542 842 judicia
563 775 636 824 vel
660 776 879 823 retardari
917 777 990 824 vel
1024 776 1253 842 impediri,
1286 783 1599 843 pronuntiavit

50 859 86 885 ‘⁶
121 873 169 904 se
191 854 451 903 absentibus
485 852 619 918 aequc
645 870 695 902 ac
728 853 1028 918 praesentibus
1068 872 1251 908 causam
1291 857 1597 909 dicturum.’'¹

50 933 234 982 Deinde
269 932 400 979 nullo
439 931 621 979 delectu
660 930 858 995 culpane
898 931 1016 995 quiS,
1051 949 1110 980 an
1143 933 1296 998 aliqua
1331 938 1599 990 necessitate

50 1009 304 1070 cessasse&
339 1008 607 1057 sententiam
651 1008 768 1056 tulit.
840 1009 972 1057 Cum
1007 1020 1160 1057 tamen
1199 1012 1367 1078 vulgus
1407 1016 1598 1066 utilitate

49 1087 247 1153 publica*
274 1088 431 1136 minus
454 1085 598 1152 quam
620 1087 853 1150 voluptate
893 1099 1149 1147 moveatur,
1183 1089 1283 1137 haec
1313 1091 1597 1155 judiciorum

47 1166 277 1215 temeritas
299 1165 423 1212 haud
445 1164 506 1212 ita
527 1163 614 1211 fuit
636 1163 826 1228 ingrata.
879 1166 947 1211 At
970 1165 1125 1212 eviluit
1147 1167 1339 1222 uxorius
1358 1170 1595 1237 Princeps,

47 1243 179 1309 quod
202 1242 440 1301 Sabinum,
477 1242 590 1291 Caio
626 1242 930 1306 imperitante,
967 1243 1133 1292 Galliae
1167 1244 1458 1308 praefectum,
1492 1260 1595 1299 tum

46 1321 185 1369 morti
219 1321 267 1368 in
305 1314 574 1385 gladiatorio
613 1320 861 1368 certamine
902 1320 1194 1381 destinatum,
1246 1325 1492 1374 Messalina
1526 1329 1593 1377 ob

45 1397 378 1463 adulteriorum
400 1397 662 1446 societatem
684 1397 938 1446 servasset}
1006 1392 1234 1460 Foemina,
1269 1412 1404 1450 atrox
1441 1404 1588 1453 libidi-

46 1491 179 1534 num,
213 1491 326 1539 quas
370 1485 539 1538 praeter
584 1475 833 1524 Claudium
878 1476 1031 1531 cuncti
1074 1491 1335 1538 noscerent,
1369 1483 1594 1547 majorem

44 1553 197 1601 adhuc
236 1552 458 1600 invidiam
498 1553 752 1614 concitavit,
791 1553 905 1603 esim
927 1555 1251 1615 Mnesterem,4
1284 1556 1354 1611 his
1376 1560 1594 1624 tempori-

45 1631 135 1678 bus
173 1629 435 1679 histrionicfi.
476 1631 611 1680 laude
656 1649 910 1691 summum,
944 1633 1112 1696 stupris
1149 1633 1211 1682 ita
1253 1634 1505 1700 inligfisset,
1539 1649 1616 1700 ut·

44 1723 131 1756 nec
155 1724 263 1755 eum
284 1706 333 1754 in
356 1725 539 1756 scenam
561 1710 746 1774 prodire
768 1710 952 1770 sineret,
986 1726 1071 1758 nec
1094 1710 1190 1775 ipse
1212 1712 1367 1771 vellet,
1397 1715 1592 1778 juraret-

47 1802 138 1850 que
164 1785 387 1834 Claudius
426 1786 558 1834 illum
595 1804 754 1835 secum
792 1804 888 1835 non
928 1804 1043 1846 esse,
1077 1799 1122 1835 et
1157 1805 1242 1852 per
1264 1806 1312 1837 se
1335 1807 1430 1838 non
1469 1803 1589 1841 stare

30 1862 299 1927 «quominus
329 1864 480 1912 vellet.
552 1865 680 1927 Quid
716 1866 856 1913 mirer
890 1866 1034 1932 magis
1056 1866 1316 1915 Messalinae
1340 1867 1586 1933 licentiam,

41 1939 339 1988 audaciamne
360 1941 622 2002 Mnesteris,
641 1960 700 1991 an
720 1943 880 2007 populi
905 1943 1106 1993 Romani
1128 1955 1334 2009 questus,
1349 1962 1407 1994 an
1424 1958 1584 1995 contu-

43 2017 201 2066 melias
222 2018 462 2083 Principis,
496 2021 622 2071 haud
643 2021 854 2070 dixerim.

107 2178 190 2220 31.
225 2173 286 2220 IN
309 2171 434 2222 tanta
454 2174 737 2240 principatus
759 2176 1058 2243 indiligentia,
1093 2178 1286 2227 evenere
1308 2190 1462 2227 tamen
1479 2198 1585 2245 quae

41 2263 237 2314 magnos
274 2250 507 2316 Principes
546 2254 670 2302 haud
707 2255 1036 2304 dedecuissent.
1109 2257 1339 2322 Regnata'
1363 2257 1584 2309 hactenus

41 2325 242 2374 Thracia
269 2327 317 2374 in
345 2330 626 2392 provinciam
667 2334 883 2381 redacta.⁵
950 2334 1233 2381 Percelebris
1271 2351 1457 2399 quoque
1496 2334 1584 2383 fuit

43 2401 209 2469 legatio
232 2402 260 2451 ὲ
283 2406 559 2470 Taprobane
573 2404 591 2430 ⁶
613 2409 761 2458 missa.
811 2411 1030 2458 Alterum
1052 2412 1215 2459 orbem
1236 2423 1464 2461 terrarum
1487 2430 1585 2462 esse

99 2619 114 2639 ¹
144 2623 363 2665 Dicturum.
419 2628 510 2675 Dio,
533 2642 605 2668 Lx.
624 2645 661 2682 p.
683 2631 775 2671 634.
849 2632 1033 2672 Chronic.

19 2708 22 2710 .
95 2672 115 2691 ²
144 2675 344 2718 cessasset.
402 2681 558 2721 Sueton.
577 2685 614 2721 in
635 2687 774 2725 Claud.
902 2682 919 2703 ⁶
967 2687 1198 2738 Taprobane.
1269 2687 1388 2726 Nunc
1431 2687 1582 2740 Ceylon,

45 2741 121 2769 XV·
849 2740 974 2778 insula
994 2741 1111 2778 totius
1123 2740 1289 2778 Orientis
1308 2741 1579 2792 pulcherrima,
1639 2787 1641 2789 Ι

95 2781 111 2803 ³
141 2783 348 2825 servasset.
406 2787 494 2834 Dio,
524 2789 599 2828 loc.
618 2791 691 2829 cit:
849 2795 1042 2844 quondam
1063 2795 1344 2840 Lusitanorum,
1357 2796 1490 2834 deinde
1506 2798 1580 2834 Ba-

96 2834 117 2858 ⁴
143 2837 384 2878 Mnesterem.
445 2843 533 2888 Dio,
564 2844 657 2882 ibid.
849 2856 1052 2894 tavorum,-
1080 2848 1193 2886 hodie
1227 2849 1440 2900 Anglorum
1476 2863 1580 2887 com·

40 2912 43 2913 ν
98 2887 115 2912 ⁹
142 2890 326 2932 Reducta.
412 2895 668 2949 Hieronymus
736 2899 775 2937 in
847 2902 989 2940 morcio
1008 2901 1264 2941 celeberrima·
