1768 3236
58 181 98 220 J
113 181 162 220 c
177 181 244 223 47.
420 172 567 213 Lissm
595 169 884 210 UNDEmMI
909 169 1230 210 ANNALmM.
1334 137 1335 140 Ἴ
1518 152 1606 216 ω’

59 299 233 364 majore
281 291 470 344 audacia
515 290 721 357 ejusdem
770 300 919 354 poetae
957 306 1146 338 versum
1190 279 1466 340 vociferatus
1514 303 1602 352 est,

37 381 96 437 ,⁸⁶
120 375 278 440 Reges
299 387 486 438 quoque
515 367 718 418 extitisse
739 367 799 415 de
819 366 1047 431 caprariiS.
1051 368 1104 390 ”¹
1170 354 1417 416 Adversus
1463 370 1603 419 talem

61 451 259 502 hominis
300 447 632 514 impudentiam
674 445 894 493 immotus
931 443 1019 493 fuit
1056 445 1289 510 Princeps.
1358 447 1451 500 Sed
1494 459 1604 496 vota

56 530 230 580 civium
263 526 458 576 absolvit
494 523 773 573 Messalina:
810 539 906 572 non
943 534 1099 571 tamen
1136 523 1249 572 recti
1287 523 1469 590 studi03
1518 525 1603 574 sed

61 622 244 672 semper
278 602 421 652 infida
460 602 687 651 scelerum
727 600 939 649 societate
971 616 1178 660 accensa,
1210 601 1475 666 Polybium,
1508 602 1604 651 suis

61 682 293 734 adulteriis
330 679 589 749 inligatum,
641 676 861 742 corripuit
898 688 945 725 et
978 677 1204 726 interfecit
1219 694 1232 726 t
1247 681 1269 699 '²
1317 678 1600 729 laudandum

61 750 250 828 quidem
271 759 333 807 ob
354 758 590 805 literarum
611 755 760 803 studia
777 758 790 783 ³
827 766 873 803 et
893 754 1063 820 ingenii
1095 754 1372 824 facilitatem?
1403 756 1452 813 ni
1473 756 1601 824 inge.

56 855 175 888 nuas
196 848 314 887 artes
335 834 560 901 probrosa
582 831 770 882 fortuna
792 832 1148 889 dehonestasset.
1429 854 1433 858 ·

128 1012 174 1058 3.
209 1006 427 1062 VERUM,
459 1018 519 1050 ne
541 999 767 1050 continuis
797 1000 1058 1050 Messalinae
1079 993 1368 1049 foeditatibus
1382 1011 1602 1057 avocetur

60 1082 313 1148 legentium
334 1080 530 1138 animus,
563 1078 738 1128 laetiora
760 1078 818 1126 de
841 1078 1072 1127 Britannis
1091 1078 1388 1127 narrandum.
1444 1079 1602 1128 Aulus

59 1160 284 1218 Plautius,
326 1176 467 1224 quem
504 1174 644 1222 supra
681 1156 970 1216 memoravi‚⁴
1008 1173 1110 1204 rem
1149 1156 1412 1203 Romanam
1449 1156 1601 1215 lentis,

56 1239 144 1287 ‘sed
165 1237 316 1296 certis,
350 1246 643 1302 promoverat
664 1235 969 1283 incrementis.
1039 1233 1230 1283 Barbari
1256 1231 1428 1282 frustra
1456 1234 1603 1299 impe-

61 1327 136 1375 tus
156 1314 326 1374 fecere,
359 1314 616 1380 peregrinae
647 1312 968 1362 dominationis
998 1312 1106 1360 odio
1129 1323 1175 1360 et
1196 1312 1409 1360 locorum
1440 1310 1602 1376 peritia

60 1394 122 1442 ad
165 1392 383 1457 fiduciam
427 1391 559 1439 elati:
613 1408 796 1457 semper
830 1390 993 1439 restitit
1036 1390 1165 1443 ducis
1203 1389 1505 1455 providentia,
1556 1400 1603 1438 et

59 1469 323 1534 Vespasiani
343 1469 487 1517 virtus
508 1469 724 1517 interrita.
792 1468 1012 1518 Periculis
1034 1485 1221 1533 quoque
1244 1467 1446 1515 lacessita
1471 1467 1603 1515 inno·

58 1548 147 1596 tuit
182 1547 277 1595 Titi
306 1546 464 1611 pietas,
497 1563 550 1594 ac
584 1544 822 1598 fortitudo.
889 1547 1024 1594 Patre
1064 1543 1355 1593 circumfusis
1394 1544 1603 1592 hostibus

58 1632 237 1690 erepto,
270 1641 367 1672 non
388 1623 531 1672 modo
554 1623 718 1671 servati
752 1623 860 1672 civis
883 1623 1024 1672 decus
1047 1622 1275 1680 obtinuit‚⁵
1308 1622 1390 1670 sed
1415 1619 1602 1686 fugatos

59 1705 278 1752 barbaros
323 1700 492 1766 magna
537 1701 665 1749 clade
703 1699 885 1749 adfecit.
965 1699 1186 1748 Adversis
1230 1699 1407 1747 casibus
1450 1697 1601 1758 fracti,

58 1781 171 1841 nihil
182 1782 279 1846 jam
304 1779 532 1828 audebant
551 1798 566 1838 ;
602 1789 648 1825 et
674 1777 877 1826 Plautius
894 1778 1016 1842 pacis
1043 1777 1214 1824 artibus
1237 1775 1598 1824 dominationem

59 1859 180 1917 ultra
199 1857 407 1913 intendit.
478 1856 609 1907 Cum
624 1856 746 1905 bella
766 1856 828 1904 ita
849 1866 1036 1924 starent,
1070 1854 1233 1903 missus
1256 1865 1324 1904 est
1338 1864 1600 1926 propraetor

118 2074 133 2094 ⁸
162 2075 225 2114 De
255 2074 454 2126 caprariis.
509 2074 600 2122 Dio,
628 2074 722 2113 ibid.
753 2087 792 2125 p.
868 2080 985 2113 tecum
1002 2068 1206 2112 morentur.
1252 2070 1424 2110 Fabellas
1441 2081 1602 2120 quoquo

64 2128 158 2169 685.
867 2129 1032 2179 sciipsit,
1051 2136 1095 2165 ut
1114 2134 1219 2177 patet
1237 2141 1285 2164 ex
1305 2138 1391 2175 cap.
1411 2129 1477 2169 27.
1506 2125 1598 2162 Non

118 2184 273 2223 Βασιλεῖς
307 2179 443 2228 ἐγένοντο
475 2178 515 2230 χ’
547 2183 577 2217 οῖ
601 2183 678 2234 argiv
710 2179 794 2224 ἶπες
867 2183 982 2219 audeo
1001 2187 1037 2219 te
1054 2195 1167 2231 usque
1186 2180 1225 2217 eb
1242 2180 1458 2230 producere,
1479 2179 1601 2228 utfa-

64 2234 190 2274 airino
193 2252 215 2272 ι.
867 2236 981 2272 bellus
1000 2247 1141 2285 quoque
1160 2239 1196 2272 et
1214 2235 1389 2283 AEsopeos
1408 2233 1526 2283 logos,
1543 2231 1601 2269 in-

120 2288 219 2327 ²Et
247 2289 453 2340 interfecit.
510 2288 601 2333 Dio,
630 2289 724 2327 ibid.
755 2303 794 2340 p.
867 2294 1050 2326 tentatum
1086 2287 1263 2325 Romanis
1298 2285 1456 2337 ingeniis
1495 2298 1598 2334 opus,

66 2340 158 2382 686.
866 2342 979 2379 solita
990 2341 1058 2379 taba
1070 2346 1262 2379 venustate
1274 2343 1482 2378 connectas.
1505 2342 1600 2376 bue-

121 2393 135 2416 ³
167 2396 383 2435 Literarum
410 2396 549 2443 studia.
605 2396 705 2441 Quae
732 2396 796 2433 Se·
870 2395 995 2432 tonius
1042 2395 1082 2431 in
1134 2394 1274 2432 Claud.
1311 2404 1477 2431 xxvln.
1518 2392 1596 2430 ait:

65 2463 160 2488 neca
191 2451 433 2488 commendat
460 2451 500 2487 in
531 2450 641 2495 libro,
680 2462 790 2499 quem
870 2448 1036 2486 Claudio
1063 2448 1176 2485 fuisse
1196 2447 1389 2498 Polybium
1409 2447 1432 2484 ἁ
1449 2446 1599 2493 studiis,

65 2505 111 2542 de
128 2504 376 2542 consolatione
391 2504 441 2541 ad
453 2503 658 2554 Polybium,
675 2509 794 2540 morte
869 2502 932 2551 qui
949 2516 1043 2553 soepe
1059 2502 1158 2539 inter
1175 2503 1266 2540 duos
1285 2500 1448 2538 consules
1476 2500 1601 2536 ambu-

66 2557 230 2596 fraterna
249 2566 479 2603 moerentem,
494 2556 657 2606 scripsit.
715 2557 796 2594 Ho-
869 2556 984 2593 labat.
1042 2556 1142 2592 lium
1187 2568 1322 2606 nempe
1348 2554 1388 2591 in
1426 2553 1598 2591 altiorem

67 2625 214 2650 merum
229 2621 267 2648 et
283 2610 490 2662 Virgilium
518 2610 796 2647 commentariis
869 2610 1033 2647 ordinem
1062 2614 1099 2646 et
1126 2622 1229 2647 amor
1246 2606 1417 2658 ,Caesaris
1451 2607 1600 2654 extulit,

67 2667 335 2705 illustraverat.
392 2664 500 2702 Unde
520 2664 673 2706 Seneca,
706 2663 794 2700 libr.
870 2670 907 2700 et
935 2663 1062 2701 studio
1089 2663 1331 2708 deduxerunt,
1360 2661 1494 2699 senec.
1512 2673 1602 2711 cap.

66 2721 133 2758 cit.
149 2715 312 2769 cap.26.
342 2717 529 2755 Homerus
546 2723 582 2754 et
599 2716 794 2767 Virgilius,
871 2720 936 2754 25.

68 2780 143 2811 tum
167 2772 253 2810 bem?
270 2772 316 2809 de
335 2771 491 2809 humano
506 2783 642 2822 genere
659 2770 796 2816 meriti,
921 2767 943 2791 ⁴
969 2768 1094 2818 Supra
1124 2768 1335 2808 memoravi.
1391 2768 1436 2805 In
1462 2765 1601 2817 Suppl.

68 2827 175 2877 qudm
196 2831 237 2863 tu
255 2826 299 2863 de
327 2825 490 2863 omnibus
507 2830 544 2861 et
564 2824 608 2860 cle
626 2823 702 2860 illis
722 2836 795 2860 me·
871 2822 1011 2860 Annal.
1030 2835 1074 2860 x.
1095 2827 1132 2861 5.

66 2880 192 2925 ruisti,
219 2892 308 2929 quos
328 2879 499 2928 pluribus
516 2884 622 2915 notos
640 2890 715 2915 esse
733 2889 795 2914 vo·
923 2875 938 2897 ⁵
968 2875 1095 2914 Decus
1140 2876 1314 2916 obtinuit.
1370 2874 1462 2921 Dio,
1498 2873 1603 2913 Libr.

68 2934 186 2977 luisti,
223 2933 331 2983 qudm
366 2932 607 2983 scripserunt,
639 2929 793 2969 multum
871 2941 942 2968 Lx.
961 2942 999 2982 p.
1019 2926 1112 2968 6⁸5.
