1768 3236
646 209 968 251 GERMANIA.
1183 229 1188 235 -
1534 217 1586 257 73

38 321 176 388 Ergo
206 323 308 387 jam
324 319 493 367 dextro
515 314 698 366 Suevici
729 313 896 363 maris¹
928 313 1081 362 littore
1102 313 1363 365 AEstiorum
1384 319 1589 389 gentes*

42 400 312 450 alluuntur.
371 396 540 462 quibus
582 393 698 442 ritus
747 391 1025 457 habitusque
1075 393 1373 452 Suevorum‚³
1430 394 1590 462 lingua

43 476 322 528 Britannicae
343 474 550 541 propior.
551 475 572 503 ⁴
636 474 842 521 Matrem
857 471 1054 520 Defim⁵
1076 482 1384 519 venerantur:
1408 471 1590 538 insigne

42 555 391 621 susperstitionis,
435 553 610 603 formas
652 547 906 617 aprorum⁶
949 560 1143 616 gestant.
1218 549 1273 598 Id
1318 566 1406 613 pro
1451 551 1591 601 armis

45 633 266 699 omnique
286 631 463 682 tutela:
498 647 717 680 securum
737 631 857 679 Deae
879 629 1109 697 cultorem
1132 626 1268 676 etiam
1292 627 1413 682 inter
1435 627 1591 679 hostes

44 715 265 778 praestat.⁷
335 711 491 760 Rarus
520 709 650 770 ferri,
680 708 900 774 frequens
922 707 1115 756 fustium
1146 723 1271 755 usus.
1339 707 1592 756 Frumenta

44 797 316 855 ceterosque
337 788 518 839 fructus
546 785 830 854 patientius,8
867 786 1011 853 quam
1046 804 1133 851 pro
1156 784 1290 834 solitfi
1327 786 1589 834 Germano-

45 882 154 917 rum
192 866 373 927 inertia,
409 867 632 916 laborant.

47 1116 124 1142 uno
154 1104 288 1142 Indico
317 1103 490 1150 Quintus
514 1104 688 1150 Curtius,
716 1116 780 1141 rx.

46 1162 88 1211 9.
114 1158 169 1196 ait
187 1171 233 1196 ne
259 1164 433 1197 naturam
461 1158 605 1209 quidem
632 1157 782 1209 longius

42 1213 375 1264 posseproeedere.
433 1212 554 1250 Nunc
573 1211 661 1250 vero
680 1212 783 1250 fama

49 1266 119 1304 illa
136 1278 212 1304 non
230 1274 286 1304 est
303 1272 411 1306 vera:
442 1266 544 1304 ultra
560 1273 676 1304 terras
695 1266 782 1304 Sui-

4 1334 10 1337 ·
49 1320 186 1358 onibus
211 1320 401 1361 habitatas
430 1321 657 1371 cognitasve‚
675 1333 780 1358 novae

47 1375 248 1412 innotuere
265 1382 388 1423 terrae,
405 1374 618 1426 Spitzberg,
641 1374 783 1412 Green-

49 1429 153 1475 land,
172 1431 248 1466 ὅτε.
277 1429 443 1467 necdum
474 1435 554 1466 tota
585 1435 691 1480 patet
717 1442 782 1467 na-

50 1488 151 1520 tura.
207 1483 366 1521 Utinam
390 1482 597 1533 auspicatis
617 1491 673 1521 tot
696 1496 782 1534 gen·

50 1537 164 1583 tium,
174 1536 335 1575 nautica
345 1545 425 1575 arte
437 1537 784 1584 celeberrimarum,

50 1591 358 1642 navigationibus
387 1591 598 1643 aliquando
632 1593 783 1643 pateat!

53 1645 134 1690 Qui
172 1645 272 1683 enim
302 1653 448 1684 naturae
476 1645 611 1684 intima
638 1654 786 1683 scruta-

50 1698 194 1746 bimur,
221 1699 252 1736 si
280 1712 327 1737 ne
347 1701 493 1738 extima
510 1699 666 1751 quidem
697 1713 785 1751 cog-

51 1753 293 1792 noverimus?

109 1856 123 1874 ¹
153 1858 303 1897 Suevici
318 1859 446 1897 maris.
475 1859 595 1898 Nunc
614 1859 676 1898 the
694 1859 787 1899 Bal-

53 1911 106 1951 tic
125 1911 213 1951 Sea.

107 1963 127 1982 ²
153 1967 362 2005 AEstiomm
374 1973 520 2020 gentes.
538 1968 658 2006 Nunc
669 1968 787 2006 Prus-

52 2020 124 2068 sia,
137 2021 199 2059 the
209 2022 358 2060 duchies
377 2021 425 2074 qf
434 2021 659 2073 Samogitia‚
672 2021 787 2060 Conr-

55 2075 166 2119 laml,
195 2075 257 2113 the
286 2075 506 2114 Palatinate
539 2075 588 2127 qs
614 2075 787 2122 Livom'a,

54 2130 132 2167 and
144 2129 317 2177 Εεὶοηία,
333 2130 372 2167 in
387 2131 451 2180 cuj
458 2143 500 2168 us
512 2129 665 2168 nomine
681 2138 788 2168 extat

53 2183 188 2221 veteris
230 2184 393 2221 nominis
434 2184 630 2222 memoria.
684 2184 787 2221 Vide

52 2237 153 2276 inter
177 2237 413 2275 Testimonia
435 2239 622 2276 Veterum
649 2237 788 2288 episto-

54 2290 147 2337 lam,
193 2304 311 2342 quam
350 2292 397 2329 de
439 2292 599 2330 succino
634 2298 674 2329 et
711 2292 785 2331 hoc

54 2345 181 2383 Taciti
225 2346 313 2384 loco
360 2346 410 2383 ad
455 2346 597 2384 AEstios
638 2347 791 2398 scripsit

54 2398 318 2437 Theodericus
337 2412 418 2437 rex.

110 2450 126 2472 ³
155 2452 372 2491 suevorum.
404 2454 466 2491 De
495 2453 637 2505 quibus
673 2465 789 2504 supra

56 2519 145 2558 cap.
160 2511 226 2546 38.

107 2559 148 2582 4'
170 2561 405 2599 Britannicae
443 2561 612 2612 propior.
669 2559 788 2606 Quod

57 2615 183 2661 AEstii‚
203 2616 241 2652 in
260 2615 438 2653 extremis
464 2614 682 2653 Germaniae
706 2614 790 2651 fini-

57 2670 128 2706 bus
154 2669 281 2720 positi‚
309 2669 481 2719 linguam
501 2667 791 2720 Scythico-Cel-

56 2723 188 2770 ticam,
223 2736 311 2774 quae
344 2724 449 2773 apud
483 2723 684 2760 Britannos
721 2722 789 2759 diu

56 2776 192 2827 viguit,
218 2777 442 2822 retinerent3
472 2785 516 2814 ut
546 2776 649 2835 recte
665 2777 791 2813 obser-

56 2838 123 2869 vat
142 2830 205 2868 Cl.
227 2830 467 2868 Dithmarus.

112 2882 126 2905 ⁵
163 2884 332 2922 Matrem
366 2883 504 2922 Derim.
548 2884 648 2929 Quae
683 2883 789 2930 Frea,

57 2945 127 2975 aut
176 2938 323 2983 Fricco,
378 2938 601 2975 dicebatur:
647 2950 791 2974 numen

701 867 796 916 Sed
830 878 878 915 et
915 882 1044 913 mare
1079 875 1374 923 scrutantur;
1401 880 1463 932 (ac
1502 861 1591 911 soli

45 946 290 995 omnium⁹
331 946 630 1006 succinum‚¹⁰
666 946 796 1013 quod
838 943 925 1011 ipsi
964 937 1155 993 Glesu'm
1169 944 1199 964 ¹¹

1246 952 1431 1001 vocant,
1467 940 1591 990 inter

853 1113 971 1153 supra
987 1113 1073 1152 cap:
1092 1104 1160 1139 40.
1188 1099 1289 1136 Vide
1301 1107 1341 1137 et
1355 1099 1418 1137 Cl.
1436 1099 1589 1146 Mallet,

855 1155 1122 1194 Introduction
1143 1154 1167 1192 ὰ
1185 1154 1209 1191 l’
1213 1154 1387 1192 Histoire
1406 1155 1452 1192 de
1462 1153 1593 1192 Dane-

854 1210 994 1255 marck,
1013 1223 1050 1260 p.
1071 1206 1121 1247 56
1135 1216 1173 1246 et
1191 1221 1270 1258 seq.

907 1260 926 1282 ⁶
954 1263 1108 1301 formas
1127 1275 1315 1313 aprorum.
1345 1261 1507 1300 Manent
1523 1261 1591 1300 ad-

852 1318 931 1357 huc
952 1318 1018 1368 huj
1027 1331 1068 1355 us
1082 1316 1358 1368 superstitionis
1376 1316 1500 1353 multa
1512 1329 1593 1354 ves-

855 1372 947 1423 tigia
963 1371 1002 1408 in
1025 1371 1179 1409 Suecia.
1237 1369 1401 1414 Rustici,
1420 1370 1488 1407 illo
1507 1370 1589 1421 ipso

856 1433 1025 1477 tempore
1053 1439 1132 1476 quo
1151 1436 1302 1463 sacrum
1334 1424 1435 1461 Freae
1465 1437 1591 1463 mense

857 1480 1064 1518 Februario
1076 1480 1168 1517 olim
1183 1479 1444 1530 peragebatur,
1453 1491 1591 1529 panem

857 1533 979 1572 forma
998 1534 1125 1580 verris,
1143 1534 1183 1571 in
1212 1532 1353 1570 multos
1380 1531 1592 1583 superstiti-

855 1601 940 1626 osos
982 1601 1073 1626 usus
1113 1594 1292 1639 paratum
1338 1591 1591 1637 componunt.

858 1642 975 1688 Quod
999 1643 1085 1679 vide
1104 1641 1209 1692 apud
1228 1639 1422 1678 eruditum
1450 1641 1593 1679 Eccar·

857 1697 964 1743 dum,
983 1696 1027 1734 de
1045 1697 1168 1735 Rebus
1186 1695 1223 1733 F
1221 1694 1358 1733 ranciae
1373 1693 1593 1741 Orientali&

859 1751 949 1789 Vol.
970 1762 999 1788 1.
1017 1764 1057 1800 p.
1075 1753 1168 1795 409.

912 1801 930 1825 ⁷
959 1805 1072 1842 Inter
1105 1804 1227 1842 hostes
1256 1807 1430 1854 proestat.
1467 1802 1595 1841 Tanta

859 1871 965 1897 vanae
979 1858 1168 1909 religionis
1187 1857 1346 1895 fiducia.

913 1909 930 1932 ⁸
974 1913 1203 1961 Patientiics.
1259 1910 1381 1957 Quod
1415 1923 1506 1957 non,
1549 1916 1596 1949 ut

859 1967 972 2011 ceteri
994 1966 1190 2013 Germani,
1215 1965 1271 2004 ita
1293 1965 1378 2015 vagi
1407 1965 1594 2015 bellisque

860 2021 993 2067 dediti,
1020 2021 1084 2058 sed
1112 2021 1190 2058 loci
1217 2020 1438 2058 necessitate
1465 2019 1505 2057 iu
1532 2018 1595 2057 iis-

861 2075 947 2113 dem
967 2075 1074 2112 terris
1091 2074 1349 2113 consisterent.

914 2127 932 2150 ⁹
962 2126 1043 2167 Soli
1071 2128 1242 2167 omnium.
1285 2129 1404 2166 Nunc
1435 2127 1526 2165 vero
1555 2130 1595 2165 et

859 2183 925 2220 alii
943 2183 1105 2233 aliisque
1123 2183 1162 2220 in
1180 2182 1288 2221 terris
1307 2181 1512 2220 succinum
1539 2180 1594 2219 le-

860 2243 976 2288 gunt:
1013 2238 1077 2275 sed
1106 2249 1254 2287 semper
1280 2236 1335 2273 vis
1363 2235 1535 2273 maxima
1557 2242 1598 2276 et

860 2291 1008 2382 optkm}
1022 2292 1062 2328 in
1073 2291 1280 2389 ΔζΕεῑίοι-ιὸῐι
1298 2289 1518 2382 Ιίἰῐῐὲτὶὺέιξὲ
1539 2343 1579 2382 di

1010 2358 1190 2383 uccmum.
1260 2357 1310 2381 uo
1395 2357 1447 2395 ng
1464 2357 1496 2382 ac
1582 2365 1598 2374 ·

862 2400 999 2444 cimus,
1013 2399 1146 2450 yellow
1163 2399 1301 2436 umber.

917 2451 948 2469 ¹¹
983 2453 1150 2491 Glesum.
1179 2453 1243 2490 Sic
1278 2451 1407 2490 adhuc
1441 2451 1598 2500 vitrum,

863 2507 967 2556 quod
987 2506 1229 2557 pellucidum
1254 2506 1317 2551 sit,
1343 2505 1368 2543 ὲ
1395 2505 1598 2543 Germanis

863 2560 960 2599 Glas
987 2560 1219 2612 appellatur.
1275 2559 1423 2598 Plinius
1453 2566 1597 2604 autem,

865 2627 1060 2652 xxxvn1.
1081 2619 1119 2652 3.
1149 2613 1301 2652 Certum
1320 2619 1376 2651 est
1392 2613 1597 2651 succinum

861 2669 972 2719 gigni
1014 2669 1053 2706 in
1098 2668 1230 2706 insulis
1274 2667 1599 2717 Septemtrionalis

865 2722 1018 2768 Oceani,
1053 2728 1090 2760 et
1121 2723 1146 2759 ὰ
1179 2721 1379 2760 Germanis
1413 2720 1600 2771 appellari

861 2777 1024 2827 glos-sum
1038 2791 1050 2814 .·
1080 2776 1207 2826 itaque
1226 2782 1263 2813 et
1291 2777 1315 2813 ἃ
1334 2775 1474 2812 nostris
1490 2787 1602 2812 unam

864 2830 1071 2868 insularum
1089 2830 1132 2866 ob
1161 2830 1202 2867 id
1222 2828 1454 2868 Glessariam
1475 2828 1602 2878 appel-

865 2883 995 2930 latam,
1016 2883 1240 2921 Germanico
1266 2881 1413 2920 Caesare
1431 2882 1483 2919 ibi
1507 2881 1603 2918 dlas-

863 2936 964 2975 sibus
990 2950 1067 2974 rem
1096 2943 1265 2987 gerente.
1298 2935 1544 2985 Austraviam
1576 2934 1610 2972 ὰ·

59 2991 251 3043 Scythicae
277 2992 445 3042 originis,
472 2992 518 3029 de
544 3004 622 3041 quo
640 2992 791 3030 dictum
823 3015 829 3035 4
867 2991 1037 3029 barbaris
1083 2991 1233 3029 dictam..
1290 2990 1350 3029 lbi
1385 2988 1533 3027 multa‘
1554 2988 1603 3026 de
