1768 3236
352 199 432 237 AD
462 188 768 236 DmLo'GUM
788 190 874 231 'DE
902 190 1264 231 ORATORIBUS.
1505 190 1582 233 651

50 301 79 314 ”’
108 285 279 344 Utinam
311 300 430 344 nulla'
454 297 578 357 parte
607 298 796 340 imitatus
825 302 934 338 esset.
994 294 1060 338 Ita
1096 294 1237 338 MSS.
1274 292 1412 337 Vatic.
1465 294 1588 338 Male

41 377 199 419 veteres
229 375 462 428 editiones,
486 375 647 418 utinam
681 372 872 414 imitatus
901 376 1011 412 esset.
1071 368 1242 425 Lipsius
1270 376 1312 411 et
1343 368 1588 413 recentiores

40 451 368 503 emendaverant,
399 450 587 492 imitatus
607 463 686 490 non
707 453 816 489 esset.

56 519 70 547 3·
84 537 86 540 ’
100 523 271 568 Mutari
300 540 388 567 cum
420 523 698 581 temporibus.-
737 519 803 562 Ita
834 528 987 562 veteres
1018 517 1218 560 editiones
1251 526 1295 560 et
1325 517 1589 560 recentiores.

39 594 92 640 In
121 599 267 641 mediis
301 599 558 656 quibusdam,
598 603 790 639 mutare:
832 595 946 652 quod
974 592 1140 650 quidem
1163 592 1357 637 Latinum
1371 600 1454 637 est.
1513 591 1586 635 Sic

40 673 151 718 enim
173 672 329 726 Livius,
361 687 547 715 xxxix.
577 678 649 714 51.
679 675 706 695 “
729 669 877 712 Mores
898 668 1063 725 quidem
1088 666 1238 724 populi
1259 666 1440 710 Romani
1459 681 1587 722 quan-

39 750 131 794 tum
149 747 406 799 mutaverint,
434 747 499 789 vel
519 746 587 789 hic
607 745 693 788 dies
712 753 955 800 argumento
973 741 1086 785 erit.”
1327 763 1330 766 ·
1432 732 1434 734 ’

54 824 63 830 “
101 821 277 866 Formas
292 828 465 881 quoque.
525 820 591 863 Im
609 819 748 863 MSS.
767 818 901 862 Vatic.
931 818 975 860 A
995 816 1108 859 libris
1126 815 1246 859 editis
1265 817 1396 868 abest,
1416 830 1588 874 quoque.

42 897 155 940 Mox
175 899 270 954 cap.
287 896 574 957 seq.formam
591 909 752 953 quoque
772 909 822 936 ac
839 893 1021 950 speciem.

102 971 175 1014 Sic
197 970 367 1014 Catoni.
426 970 492 1013 Ita
524 970 661 1012 MSS.
680 968 818 1011 Vatic.
859 966 911 1010 In
941 967 1145 1010 veteribus
1176 966 1439 1020 editionibus,
1465 965 1590 1009 sicuti

44 1045 213 1090 Catoni.
273 1045 324 1088 In
344 1045 652 1097 recentioribus,
681 1043 800 1086 sicut.

103 1120 196 1163 Pro
238 1119 413 1164 Catone.
474 1119 712 1164 Groslotius
749 1117 904 1170 mallet,
946 1132 1042 1174 prae
1088 1115 1261 1159 Catone.
1321 1115 1386 1159 Ita
1421 1132 1588 1175 quoque

43 1194 423 1249 Schurzfleischius,
451 1194 531 1248 vel,
549 1195 696 1252 magis,
727 1193 1000 1236 omittendum
1021 1199 1173 1234 censet.

102 1269 187 1313 Sed
202 1284 328 1327 supra
348 1269 526 1312 modum.
586 1271 651 1312 Ita
670 1267 809 1311 MSS.
828 1266 965 1309 Vatic.
997 1265 1080 1308 Sed
1098 1267 1214 1309 abest
1231 1265 1261 1307 εὶ
1275 1264 1391 1308 libris
1409 1265 1544 1310 editis.

102 1343 171 1387 Ne
191 1343 385 1387 Ciceroni
401 1343 578 1402 quidem.
636 1343 807 1385 Veteres
837 1341 1050 1392 editiones,
1081 1355 1151 1383 nec
1189 1338 1383 1383 Ciceroni
1412 1340 1588 1398 quidem.

43 1418 359 1462 Emendandum
377 1434 429 1461 ne
447 1418 559 1461 recte
579 1416 740 1460 monuit
760 1415 1013 1459 Gronovius.

102 1492 269 1536 Parum
287 1493 470 1536 Atticus.
508 1492 561 1534 In
579 1491 784 1535 veteribus
803 1489 1048 1533 editionibus
1065 1497 1108 1532 et
1126 1487 1265 1532 MSS.
1283 1488 1420 1531 Vatic.
1431 1488 1590 1547 panim

43 1568 251 1626 antiquus.
311 1568 395 1610 Sed
413 1582 647 1623 perperam,
678 1574 724 1608 ut
742 1573 858 1622 patet
876 1580 927 1607 ex
959 1579 1052 1620 cap.
1087 1569 1158 1606 22.
1186 1563 1349 1620 priores
1376 1564 1463 1621 q‘us
1495 1579 1590 1607 ara-

44 1642 174 1685 tiones
191 1657 275 1684 non
294 1649 436 1685 carent
469 1641 585 1684 vitiis
616 1639 896 1698 antiquitatis.
955 1637 1126 1694 Lipsius
1158 1638 1316 1694 optime
1346 1638 1591 1692 emendavit,

43 1715 227 1760 Atticus.
240 1715 251 1728 ²
287 1715 410 1758 Male
429 1723 557 1758 tentat
577 1713 955 1768 Schurzfleischius,
978 1712 1134 1770 parum
1148 1713 1332 1755 nativus.

102 1790 284 1850 Legistis
301 1790 458 1848 utique.
494 1789 565 1832 Sic
586 1789 725 1832 MSS.
744 1787 881 1831 Vatic.
901 1803 949 1830 ac
968 1787 1073 1830 bene
1093 1786 1283 1844 quidem;
1316 1794 1362 1830 ut
1377 1801 1474 1843 cap.
1493 1802 1586 1842 sup.

41 1865 239 1909 dividatis
257 1854 487 1907 semdzim0-·
502 1886 515 1899 ·
531 1863 699 1906 ·vocetis
716 1870 910 1906 oratores.
969 1860 1091 1904 Male
1103 1860 1208 1904 -libri
1226 1860 1339 1914 editi,
1367 1859 1518 1919 legisti.

103 1939 229 1983 Nunc
247 1939 364 1983 mihi.
426 1937 545 1981 Bene
577 1938 743 1995 Lipsius
775 1945 818 1981 et
847 1936 1108 1981 recentiores.
1168 1935 1398 1992 Perperam
1430 1945 1588 1979 veteres

45 2013 260 2069 editiones,
286 2029 359 2057 nec
377 2013 494 2057 mihi.

100 2148 222 2192 Cn.
258 2155 324 2198 19.
374 2147 589 2194 Quatenus
626 2148 907 2210 antiquorum.
967 2147 1135 2190 Frustra
1175 2155 1305 2190 tentat
1325 2147 1588 2191 Schurzfleis-

41 2222 173 2276 chius,
211 2223 406 2266 hactenus
435 2223 718 2280 antiquorum.
781 2221 995 2269 Quatenus
1021 2223 1112 2279 jam
1145 2230 1384 2278 usurpatum
1413 2221 1588 2265 vidimus

40 2311 167 2353 supra
184 2297 336 2341 Annal.
360 2312 438 2340 111.
475 2299 540 2341 16.
813 2304 816 2306 ’

16 2398 19 2402 ·
100 2370 176 2415 Ad
202 2370 390 2415 Cassium
426 2372 636 2414 Severum.
698 2371 812 2414 Puto
844 2371 1157 2423 emendandum,
1198 2379 1246 2412 ut
1276 2370 1320 2412 in
1351 2370 1458 2413 notis
1487 2371 1588 2424 dixi,

40 2443 150 2488 hunc
194 2444 308 2489 velut
354 2447 573 2489 terminum
620 2445 886 2503 antiquitatis
923 2445 1167 2488 constituere
1203 2443 1334 2487 solent
1368 2459 1495 2502 usque
1531 2444 1591 2488 ad

43 2517 232 2562 Cassium
263 2519 477 2572 Severum,
507 2534 624 2578 quem
658 2534 772 2563 reum
787 2519 978 2579 faciunt,
1021 2533 1219 2577 quemque
1242 2518 1429 2576 primum
1460 2518 1590 2576 adfir-

37 2600 172 2645 mant,
200 2593 270 2644 ὅγε.
332 2593 510 2650 Vulgata
528 2593 638 2636 enim
659 2594 875 2650 scriptura,
905 2608 1023 2651 quem
1052 2607 1178 2650 usque
1208 2593 1266 2635 ad
1297 2592 1500 2646 Cassium,
1516 2593 1587 2643 85⁶.

38 2675 103 2710 est
122 2667 358 2712 Puteolani.
417 2667 468 2712 In
490 2668 670 2712 editione
690 2669 891 2725 principe,
921 2667 1163 2711 constituere
1180 2667 1310 2711 solent
1324 2685 1338 2711 .-
1368 2667 1442 2726 qui
1461 2681 1590 2725 usque

39 2741 98 2784 ad
119 2741 307 2787 Cassium
326 2759 444 2802 quem
474 2758 590 2786 reum
607 2742 815 2801 faciunt.-
854 2758 973 2801 quem
998 2742 1200 2799 primum,
1232 2743 1302 2792 85⁶.
1365 2741 1414 2784 In
1447 2740 1587 2784 MSS.

37 2813 174 2859 Vatic.
213 2818 273 2861 ad
307 2818 495 2861 Cassium
533 2817 727 2860 Severum
750 2832 877 2875 vquem
910 2831 1025 2860 reum
1035 2815 1226 2874 faciunt,
1255 2831 1374 2874 quem
1401 2816 1588 2873 primum

38 2888 259 2947 qffirmant,
298 2893 369 2947 &o
428 2891 567 2944 Unde,
597 2907 715 2950 quem
745 2907 857 2936 reum
887 2891 1044 2940 videtur
1075 2906 1164 2934 esse
1183 2890 1345 2945 veteris
1360 2891 1584 2947 scripturae.
