1768 3236
652 198 659 207 ·
678 186 984 250 AGmcom.s
1520 193 1594 234 109

57 292 307 353 insecutus,
328 291 638 342 velocissimos
654 291 862 355 equitum
884 288 1185 354 peditumque
1208 288 1436 339 adsultare
1457 291 1598 357 tergis

58 371 364 439 pugnantium
388 372 543 436 jubet,
576 385 690 416 mox
724 369 783 416 ab
815 367 1036 415 universis
1069 367 1201 432 adjici
1234 369 1514 427 clamorem:
1552 380 1598 417 et

50 448 320 515 *propinqua
370 449 472 495 luce
517 445 688 494 fulSere
733 445 890 509 signa:
948 444 1009 491 ita
1053 444 1235 508 ancipiti
1287 446 1408 492 malo
1454 447 1598 494 territi

60 526 295 576 Britanni:
333 537 378 573 et
415 524 637 572 Rom'anis
670 523 787 570 redit
822 523 1031 582 animus;
1070 539 1120 570 ac
1145 522 1293 570 securi
1327 539 1413 586 pro
1436 524 1598 583 salute,

57 604 119 651 de
141 603 289 668 gloria
311 603 572 650 certabant:
610 601 732 648 ultro
757 601 1005 664 quinetiam
1028 617 1251 664 erupere:
1288 611 1332 647 et
1356 599 1442 647 fuit
1465 612 1598 649 atrox

58 681 108 728 in
140 680 247 744 ipsis
281 691 518 743 portarum
541 678 785 742 angustiis¹
819 678 1049 741 praelium,
1073 678 1220 728 donec
1255 677 1374 741 pulsi
1412 677 1596 737 hostes;

59 771 259 822 utroque
293 756 499 804 exercitu
530 748 751 813 certante,
790 755 877 814 his,
913 766 964 803 ut
998 756 1153 802 tulisse
1194 771 1350 818 opem,
1395 754 1499 814 illis,
1539 771 1599 803 ne

58 835 238 900 eguisse
277 834 446 882 auxilio
485 833 778 881 viderentur:
816 834 946 896 quod
984 832 1068 880 nisi
1108 833 1296 896 paludes
1339 843 1385 879 et
1424 832 1565 896 sylvae
1583 835 1597 853 ²

58 911 287 978 fugientes
309 912 544 970 texissent,
568 910 850 964 debellatum
867 910 945 956 illa
968 909 1158 957 victoria
1175 908 1310 957 fo'ret.

69 1086 72 1087 ⁷
125 1073 205 1119 27.
243 1068 408 1115 Cuius
433 1064 708 1114 constantia³
743 1081 794 1112 ac
819 1063 942 1112 fama
978 1064 1113 1116 ferox
1145 1064 1390 1123 exercitus,
1427 1069 1460 1092 “
1483 1062 1595 1112 nihil

59 1149 95 1172 “
129 1143 284 1191 virtuti
306 1161 400 1191 suae
423 1143 627 1190 invium:
665 1143 992 1206 penetrandam
1019 1141 1336 1200 Caledoniam,
1367 1141 1595 1188 invenien-

60 1227 95 1250 “
129 1222 335 1286 dumque
375 1222 559 1268 tandem
595 1221 843 1268 Britanniae
882 1219 1148 1278 terminum,
1189 1218 1407 1267 continuo
1448 1218 1596 1283 praeli-

61 1305 96 1328 “
130 1315 266 1351 orum
310 1300 502 1357 cursu,''
545 1290 831 1347 fremebant:
877 1310 1014 1363 atque
1058 1298 1123 1344 illi
1169 1297 1312 1344 modo
1354 1297 1504 1344 cauti4
1542 1313 1594 1343 ac
1644 1337 1648 1347 ,

59 1377 299 1440 sapientes,
317 1376 485 1439 promti
508 1387 610 1439 post
633 1387 849 1423 eventum
866 1392 918 1424 ac
935 1373 1219 1440 magniloqui
1237 1385 1387 1421 erant:
1413 1372 1596 1436 iniquis·
1634 1388 1637 1391 ’

59 1455 174 1503 sima
188 1455 295 1502 ¹haec
319 1454 548 1501 bellorum
571 1453 773 1510 conditio
797 1464 892 1501 est:
930 1468 1148 1516 prospera
1164 1467 1326 1498 omnes
1348 1450 1430 1498 sibi
1453 1450 1597 1497 vindi-

60 1543 182 1590 cant,
200 1532 388 1579 adversa
406 1531 485 1578 uni
506 1531 804 1595 imputantur.
874 1534 940 1578 At
963 1529 1169 1578 Britanni
1192 1544 1287 1576 non
1309 1527 1493 1586 virtute,
1516 1529 1597 1575 sed

58 1609 298 1657 occasione
334 1620 378 1656 et
411 1620 506 1656 arte
530 1608 658 1656 ducis
681 1609 800 1667 rati,⁵
824 1608 936 1655 nihil
961 1626 1020 1655 ex
1055 1604 1314 1670 arrogantia
1345 1603 1594 1663 remittere,

61 1686 314 1750 quominus
331 1689 618 1751 juventutem
642 1698 889 1745 armarent,
913 1687 1134 1750 conjuges
1155 1701 1207 1731 ac
1234 1683 1402 1731 liberos
1424 1682 1471 1728 in
1494 1681 1596 1728 loca·

60 1775 159 1811 tuta
206 1762 520 1822 transferrent,
566 1764 760 1811 coetibus
801 1776 860 1811 ¹ac
904 1757 1163 1810 sacrificiis⁶
1213 1758 1596 1822 conspirationem

61 1841 295 1888 civitatum
339 1841 596 1894 sancirent:
649 1853 784 1905 atque
828 1842 890 1889 ita
933 1840 1122 1887 inritatis
1166 1837 1398 1900 utrimque
1437 1835 1597 1883 animis

62 1917 327 1966 discessum.
610 1916 613 1917 ⁷

131 2081 209 2122 28.
245 2075 437 2121 EADEM
475 2085 629 2123 aestate
663 2075 831 2132 cohors
865 2074 1174 2139 Usipiorum,⁷
1208 2087 1292 2136 per
1324 2066 1598 2118 Germanias

865 2226 1070 2264 exercitus.

917 2278 938 2300 ⁴*
965 2279 1016 2317 M
1015 2277 1082 2317 osli)
1113 2277 1227 2316 cauti.

117 2222 132 2241 ¹
155 2223 359 2263 Portarum
377 2224 573 2275 angustiis.
592 2223 792 2264 Portarum

65 2285 289 2317 castrorum.
358 2279 400 2316 In
436 2278 567 2316 castris
612 2280 791 2319 Romanis
1267 2275 1354 2321 ·Qui
1386 2275 1596 2325 regredien-

64 2341 232 2394 quatuor
264 2340 370 2369 erant
400 2342 530 2383 porta
566 2333 791 2381 decumana,

65 2387 253 2436 praetoria,
271 2386 418 2430 dextra,
435 2386 595 2424 sinistri.

119 2436 136 2454 ²
163 2439 325 2478 Paludes
341 2445 378 2478 et
395 2440 519 2491 sylvae.
541 2440 704 2478 Duobus
723 2440 795 2478 cir-

65 2492 160 2531 citer
195 2493 366 2531 millibus
394 2505 573 2544 passuum
609 2507 631 2531 a
669 2502 792 2532 castro

67 2545 233 2586 Lochore
251 2554 358 2584 extat
375 2546 503 2584 adhuc
519 2560 654 2597 magna
668 2548 793 2598 palus,

64 2600 170 2638 dicta
204 2600 461 2646 Locl't-Leven,
494 2601 595 2638 unde
629 2602 796 2651 ingentes

63 2655 243 2692 arborum
280 2655 405 2692 trunci
449 2667 548 2705 saepe
595 2663 795 2703 cruuntur,

63 2708 168 2758 quod
203 2708 454 2746 certissimum
488 2716 543 2745 est
585 2708 794 2759 sylvarum,

27 2804 31 2809 ⁴
64 2773 151 2811 quae
169 2761 220 2799 ibi
241 2762 357 2807 suere,
374 2769 657 2812 argumentum.
695 2763 797 2799 Vide

62 2815 257 2854 eruditum
276 2815 448 2861 Gordon,
464 2815 537 2853 loc.
557 2815 622 2853 cit.

116 2865 135 2889 ³
164 2868 281 2920 Cujus
309 2868 534 2908 constantia.
572 2867 796 2907 Constantia

65 2930 175 2972 parta
205 2929 327 2960 tuerat
358 2923 439 2960 haec
473 2923 648 2960 victoria.
703 2922 796 2967 Qua

66 2975 278 3016 constantia
303 2982 341 3014 et
363 2976 531 3015 victoriae
560 2975 663 3014 fama
691 2976 793 3014 ferox

866 2335 957 2372 dum
985 2334 1082 2371 citra
1104 2330 1338 2375 Bodotriam,
1361 2328 1486 2379 specie
1505 2341 1595 2378 pru-

792 2399 798 2407 ’
866 2388 1051 2433 dentium,
1080 2384 1205 2435 ignavi
1233 2384 1519 2429 admonuerant,
1554 2388 1596 2419 ut

866 2442 1014 2479 dictum
1033 2447 1088 2477 est
1107 2452 1194 2490 cap.
1212 2451 1297 2487 sup.

921 2493 934 2515 ⁵
954 2496 1064 2538 ,Arte
1094 2493 1197 2532 ducis
1225 2491 1315 2529 rati.
1345 2490 1484 2529 Verihs
1511 2495 1596 2529 arte

865 2562 904 2588 se
921 2549 1040 2587 victos
1058 2547 1147 2592 rati,
1175 2551 1244 2583 aut
1265 2551 1348 2583 arte
1373 2545 1475 2583 ducis
1492 2557 1598 2595 supe-

866 2603 957 2642 rati.
987 2602 1087 2639 Vide
1104 2608 1182 2639 not,
1195 2606 1232 2636 ct
1249 2599 1396 2636 emend.
1412 2599 1459 2636 ad
1479 2611 1514 2636 c.
1530 2601 1596 2640 27.

920 2653 937 2674 ⁶
966 2655 1126 2693 Coett'bus
1142 2668 1186 2692 ac
1204 2653 1413 2703 sacrificiis.
1445 2652 1497 2690 Ut
1517 2664 1597 2688 mos

866 2718 921 2749 est
957 2709 1061 2760 apud
1100 2709 1291 2746 barbaros.
1346 2706 1447 2744 Vide
1482 2717 1599 2756 supra

869 2764 970 2802 Iliat.
992 2775 1051 2800 ιν.
1074 2766 1136 2799 14.

921 2814 937 2838 ⁷
968 2816 1108 2854 Cohors
1145 2814 1216 2851 U
1188 2826 1374 2864 septorum
1417 2813 1477 2851 De
1514 2811 1601 2849 Usi-

868 2870 940 2922 piis
959 2870 1107 2908 (lictum
1125 2878 1240 2919 supla
1254 2868 1301 2904 de
1318 2867 1493 2906 Moribus
1507 2866 1602 2903 Ger-

869 2936 1083 2971 nummum,
1108 2934 1193 2973 cap.
1212 2926 1278 2961 32.
