1768 3236
70 185 167 226 J.C,.
188 187 254 221 40.
463 183 607 220 ΗΒΚ]
638 180 844 219 OCTAVI
875 180 1194 219 ANNALIUM.
1555 187 1634 229 329

77 292 106 314 ‘⁶
123 287 411 336 Judaeorum
435 286 604 344 turbes,
626 301 804 334 -vacuas
841 285 1025 344 domos,
1058 299 1222 332 omnes
1257 284 1305 332 in
1334 285 1619 334 Phoeniciam

77 369 110 391 “
139 364 350 423 venisse,'¹
399 375 452 412 ut
493 363 782 421 Petronium,
836 361 990 409 virum
1026 361 1224 409 minime
1267 374 1490 422 atrocem,
1526 361 1622 411 'sed

79 448 112 469 ‘⁶
141 443 381 507 displicere
423 441 623 506 Principi
650 452 921 498 merentem,
969 440 1028 487 ad
1071 439 1410 487 miserationem
1455 441 1621 505 gentis,

79 525 109 546 ‘⁴
142 521 266 568 ultro
288 520 337 567 in
357 536 536 584 preces,
550 530 613 578 et,
635 518 672 566 si
693 517 864 566 fuerint
886 517 1052 576 inritae,
1085 517 1133 564 in
1154 517 1359 581 pericula
1380 528 1426 565 et
1448 530 1622 567 mortes

80 602 108 624 “
141 597 333 657 ruentis,
366 597 634 646 flecterent:
671 596 709 645 si
730 595 851 644 foret
872 596 1182 660 pereundum,
1214 595 1262 642 id
1285 595 1430 643 solatii
1459 595 1621 644 saltem

77 680 108 702 ⁸‘
140 676 396 734 habituros,
452 675 585 740 quod
627 673 871 740 peregrina
915 674 964 720 in
1007 673 1150 732 terra,
1205 673 1422 721 inviolato
1466 673 1618 721 adhuc

80 760 110 780 ‘⁴
133 754 335 818 templo,
369 753 751 803 occumberent.”

98 954 102 958 .
142 917 223 958 58.
258 911 486 967 LEGATI,
533 907 603 955 his
646 908 786 955 rebus
828 906 1008 965 auditis,
1060 907 1222 955 dolore
1265 907 1372 955 victi
1417 919 1462 955 et
1505 906 1623 955 muti
1699 897 1702 901 ¹

33 1009 39 1016 ·
77 989 338 1046 corruunt‚²
392 987 593 1034 necdum
644 996 869 1049 quantum
918 984 1111 1048 periculi
1166 985 1425 1033 immineret
1475 985 1621 1051 gnari.

75 1065 317 1114 Petronius
339 1064 480 1124 enim,
513 1075 583 1111 tot
598 1063 874 1111 miserorum
895 1074 1082 1126 aspectu
1105 1074 1150 1111 et
1167 1063 1380 1127 precibus
1403 1064 1625 1123 mollitus,

76 1143 246 1202 literas,
279 1143 494 1206 pietatem
507 1142 625 1189 inter
647 1152 692 1188 et
708 1140 982 1204 obsequium
999 1140 1254 1206 ambiguas,
1289 1141 1346 1188 ad
1363 1140 1625 1205 Principem

79 1221 263 1268 miserat
282 1238 295 1267 :
317 1223 329 1247 ³
366 1224 399 1247 “
423 1220 566 1267 lentas
589 1235 780 1282 operas:
807 1218 898 1286 *sed
921 1234 1016 1264 non
1033 1217 1202 1266 intutas
1225 1235 1407 1267 moras:
1443 1219 1626 1285 religio·

81 1303 110 1324 “
143 1314 228 1346 nes
245 1310 456 1361 tempore
477 1296 653 1360 potius,
680 1295 823 1360 quam
839 1295 885 1342 vi
908 1295 1129 1360 gliscere:
1165 1296 1352 1345 Judaeos
1374 1297 1511 1345 sacris
1534 1296 1628 1345 suis

62 1380 113 1402 “‘
144 1375 430 1440 pervicacius
475 1374 744 1434 adstrictos3
798 1374 835 1422 si
879 1372 1187 1433 festinaretur,
1219 1373 1359 1422 *forte
1404 1390 1627 1440 agrorum

84 1459 112 1480 “
145 1455 344 1519 vitaeque
389 1453 574 1512 oblitos,
623 1452 672 1500 in
706 1452 776 1500 sui
814 1452 1065 1517 perniciem
1101 1463 1264 1516 sponte
1302 1452 1465 1511 ituros,
1507 1466 1629 1501 >cum

81 1536 110 1566 ‘⁴
143 1531 328 1580 summo
357 1530 579 1595 Principis
608 1523 905 1589 detrimento,
936 1529 1015 1594 qui
1043 1529 1152 1578 sane
1183 1546 1268 1593 per
1300 1529 1384 1577 has
1415 1527 1630 1595 regiones

82 1614 110 1636 “
143 1607 415 1658 meditatum
435 1609 484 1657 in
501 1610 762 1674 AEgyptum
784 1609 871 1657 iter
892 1608 1138 1657 faceret.”4
1206 1607 1364 1666 Caius,
1398 1608 1460 1654 ob
1483 1606 1627 1671 suspi-

79 1687 234 1737 ciones
255 1687 513 1752 perspicax,
547 1687 726 1735 divinos
758 1686 959 1734 honores
983 1685 1011 1734 a
1033 1685 1204 1736 Judaeis
1225 1684 1385 1751 negari
1407 1696 1453 1732 et
1467 1684 1630 1732 Petro'·

79 1766 211 1813 nium
267 1765 513 1813 connivere
564 1764 869 1828 introspexit.⁵
943 1763 1130 1812 Veritus
1183 1774 1339 1811 tamen
1395 1761 1629 1811 exercitus

79 1841 404 1902 defectionem,
471 1841 679 1890 modeste
736 1841 964 1905 rescripsit
983 1861 998 1900 3
1015 1837 1033 1862 ⁶
1094 1839 1370 1904 laudataque
1425 1837 1634 1887 Petronii

79 1919 342 1984 prudentia,
374 1920 582 1968 hortatus
605 1930 673 1967 est
706 1924 740 1947 “
763 1930 815 1967 ut
849 1917 1052 1967 collectis
1080 1920 1177 1984 jam
1208 1916 1441 1982 frugibus,
1474 1916 1626 1964 nullo-

82 2001 113 2023 “
146 2015 238 2062 que
259 1998 453 2047 instante
474 1997 698 2063 periculo,
733 2014 895 2062 operas
925 2007 1130 2061 urgeret,
1164 2006 1210 2043 et
1232 1995 1406 2043 debitas
1426 1992 1627 2059 Principi

82 2079 111 2100 “
145 2075 390 2142 religiones
412 2065 693 2125 adserer‘etss'

138 2349 152 2368 ¹
177 2351 230 2389 In
248 2351 472 2390 Plzoeniciam
489 2351 643 2389 venisse.
689 2352 816 2399 Philo,
945 2348 962 2370 ³
981 2350 1047 2388 Ad
1063 2349 1276 2399 Principem
1291 2349 1460 2387 miserat.
1501 2348 1628 2396 Philo,

82 2405 160 2445 loc.
179 2406 248 2444 eit.
293 2407 369 2443 Eos
385 2405 426 2442 in
443 2418 510 2442 sex
526 2405 675 2443 ordines
693 2406 818 2445 distri·
895 2405 1025 2453 Legat.
1043 2404 1092 2442 ad
1112 2404 1268 2449 Caium,
1293 2415 1334 2452 p.
1354 2405 1474 2446 1027.

83 2461 210 2507 bum,
243 2460 450 2507 seniorum,
474 2459 690 2509 juniorum,
726 2474 821 2511 pue-
947 2457 966 2480 ⁴
1006 2459 1177 2496 faceret.
1249 2457 1304 2495 Ut
1349 2455 1629 2495 Alexandriam

84 2526 228 2559 rorum,
255 2526 406 2551 rursum
425 2512 503 2551 alia
519 2521 627 2564 parte
657 2527 819 2562 anuum,
896 2513 1049 2557 veniret,
1070 2519 1108 2550 et
1125 2512 1164 2549 in
1182 2512 1291 2557 urbe,
1318 2508 1395 2561 qui
1415 2511 1525 2549 nulla
1553 2510 1632 2549 alia

85 2567 306 2614 mulierum,
341 2567 544 2617 virginum,
577 2568 718 2606 venisse
749 2575 821 2607 tes-
895 2567 945 2604 ad
974 2566 1234 2605 adulationem
1261 2566 1482 2616 projectior,
1510 2563 1630 2615 quam

85 2629 190 2660 tatur
205 2622 305 2659 idem
319 2621 448 2666 Philo,
460 2621 590 2671 Legat.
603 2623 654 2659 ad
665 2623 820 2670 Caium,
898 2621 1076 2659 maximis
1086 2620 1293 2658 divinitatis
1304 2619 1511 2657 honoribus
1526 2631 1632 2656 mac-

86 2689 125 2726 p.
147 2679 264 2714 1025.
318 2677 378 2718 Εἰς
406 2673 518 2721 τάξας
544 2670 578 2712 δὲ
591 2671 629 2722 ἓξ
645 2671 819 2726 διεκρίθη.
897 2683 1055 2714 taretur.
1106 2674 1233 2719 Philo,
1252 2673 1384 2723 Legat.
1402 2673 1452 2710 ad
1470 2673 1630 2718 Caium,

85 2744 159 2771 mr,
188 2723 399 2782 ignara,
426 2727 505 2770 ιὲθν,
535 2725 684 2776 ποιῖὃωνῑ
713 2728 822 2767 πάλιν
897 2743 936 2781 p.
958 2734 1062 2768 1028
1080 2738 1119 2767 et
1139 2732 1255 2774 1029.

85 2781 113 2820 ἰν
128 2786 220 2835 μέζω
238 2777 474 2835 πςεσςυτίδυν,
503 2785 672 2829 γυναικών
699 2784 767 2821 τόν
795 2782 822 2822 ἓν
892 2828 898 2832 1
952 2781 965 2803 ⁵
996 2782 1243 2834 Intro-spexit.
1285 2780 1424 2827 Philo,
1451 2780 1528 2818 loc.
1545 2780 1619 2820 cit»

87 2835 216 2886 ιἰλυιιξι,
246 2834 419 2888 τιςθὲνυι.
951 2832 969 2854 ⁶
1014 2835 1190 2875 llffoclest&
1235 2834 1441 2886 rescripsit.
1507 2834 1633 2880 Philo,

139 2886 159 2904 ²
174 2890 283 2927 Muti
300 2895 496 2927 corruunt.
535 2891 660 2936 Philo,
691 2892 819 2942 Legat.
899 2891 1029 2943 Legat.
1050 2891 1098 2929 ad
1117 2890 1272 2935 Caium,
1301 2902 1338 2941 p.
1363 2893 1480 2934 1029.

85 2943 133 2979 ad
153 2943 307 2990 Caium,
334 2956 374 2994 p.
399 2947 516 2988 1019.
864 2959 865 2963 ¹

1350 3034 1356 3068 l
1429 3066 1432 3069 .
