1800 3236
206 228 256 263 22
700 219 746 256 e.
776 207 1043 257 coRNssLn
1072 217 1258 257 TAcrrt

207 325 386 382 diebus,
409 317 621 371 humanis
645 338 831 387 quoque
855 320 1013 369 hostiis
1028 324 1041 344 ¹
1071 310 1201 370 litare
1223 320 1294 371 fas
1314 321 1499 372 habent.

1550 338 1555 344 ·
1567 316 1750 393 Herbu-

207 404 301 451 lem
324 418 376 449 ac
401 402 603 449 Martem
626 399 852 447 concessis
879 399 1151 447 animalibus
1165 402 1182 421 ²
1205 400 1414 464 placant:
1450 417 1555 466 pars
1577 402 1752 451 Suevo-

158 472 165 479 “
209 496 317 528 rum
357 490 402 527 et
437 477 542 526 Isidi
581 477 835 525 sacrificat.³

905 477 1049 525 Unde
1085 494 1221 525 causa
1256 489 1302 525 et
1336 477 1468 544 origo
1506 478 1753 545 peregrino

159 574 162 583 ’
208 573 355 616 sacro,
379 556 558 620 parum,
575 555 796 618 comperi,
821 554 905 602 nisi
941 553 1071 618 quod
1103 555 1288 621 signum
1309 554 1462 619 ipsum
1482 554 1531 603 in
1552 556 1753 605 modum

211 634 405 683 liburnae
423 635 692 699 figuratum,
716 633 852 680 docet
874 633 1112 695 advectam
1128 633 1437 699 religionem.⁴
1462 643 1464 647 ’
1504 633 1752 698 Ceterflm,

214 835 340 882 gentes
370 830 516 881 lapides
540 831 745 880 jacebant:
776 843 860 868 aras
889 830 949 868 fu-

216 885 298 931 isse,
310 890 347 921 et
361 886 466 935 antiq
474 885 633 922 uissimae
645 884 847 934 religionis,
857 884 948 922 cum

216 938 393 976 humanae
423 938 555 976 hostiae
584 938 798 984 litarffltur,
815 951 948 975 monu-

215 1002 357 1039 menta,
388 993 563 1030 arbitror.
620 993 714 1030 Haec
746 992 838 1030 cum
871 1004 950 1030 cer-

216 1059 356 1091 nerem,
375 1047 548 1084 animum
577 1046 732 1086 subibat
758 1046 952 1096 Lucanus,

219 1112 288 1138 111.
308 1104 402 1145 399.

217 1189 318 1221 Lucus
328 1191 404 1220 erat,
415 1189 504 1220 longo
515 1194 682 1222 numquam
695 1188 825 1214 violatus
838 1188 874 1214 ab
886 1195 953 1217 ωυρ-

219 1245 917 1254 ················

220 1283 908 1292 ················

607 1305 667 1331 Hic
679 1305 814 1331 barbara
826 1306 895 1331 rita.

219 1347 316 1372 Sacra
329 1343 435 1375 Deam,
446 1347 567 1372 stractae
581 1345 660 1370 diris
663 1345 819 1376 feralibus
832 1353 902 1376 (ινιτ,

222 1386 380 1419 Omnisque
405 1385 548 1410 humanis
569 1385 704 1410 lustrata
728 1384 888 1411 cruoribus
905 1392 954 1411 ar-

286 1425 345 1451 bos.

277 1517 289 1535 ¹
321 1516 508 1556 Humanis
526 1529 667 1566 quoque
685 1515 830 1555 hostiis.
860 1518 953 1555 Inde

225 1573 418 1619 Lucanus,
435 1584 465 1609 1.
483 1574 577 1608 444.
632 1617 635 1620 Δ

223 1681 263 1708 Ec
281 1681 389 1714 quibus
401 1680 529 1706 immitis
538 1679 689 1712 placatur
701 1680 847 1712 sanguine
860 1679 930 1705 diro

226 1722 369 1751 Teutates,
383 1720 566 1752 horrensque
570 1719 653 1755 feris
666 1718 817 1744 altaribus
832 1719 935 1745 Hesus.

222 1814 402 1856 Teutates
436 1817 492 1849 est
524 1786 772 1858 Mercurius3

225 1867 346 1904 Mars.

818 1812 954 1859 Hesus,

276 1917 295 1935 ²
323 1919 513 1970 Concessis
532 1919 763 1957 animalibus.
794 1919 954 1958 Herculi

224 1987 378 2025 quoque
406 1980 445 2010 et
475 1974 597 2020 Marti
616 1973 796 2011 humanis
824 1974 955 2011 hostiis

222 2027 378 2066 litatum
423 2027 538 2064 fuisse
582 2027 820 2068 crediderim.
896 2028 956 2065 De

224 2081 354 2120 Marte
373 2087 534 2127 constat,
553 2081 686 2118 saltem
709 2081 953 2132 flagrantibus

225 2135 348 2175 bellis.
397 2135 460 2173 Sic
481 2135 581 2172 enim
601 2135 745 2172 Annal.
765 2148 866 2173 XIII.
889 2139 954 2179 57.

228 2188 399 2228 Victores
427 2189 609 2227 diversam
627 2189 742 2226 aciem
764 2189 892 2228 Marti
911 2203 955 2227 ac

224 2242 422 2283 Mercurio
439 2255 646 2289 sacravere,
665 2255 734 2292 quo
754 2249 840 2281 voto
859 2243 955 2293 equi,

224 2296 311 2342 viri,
330 2303 464 2334 cuncta
481 2297 582 2335 victa
601 2295 782 2334 occidioni
802 2298 955 2336 dantur.
967 2310 983 2321 s

224 2350 438 2401 Procopius
478 2363 645 2400 quoque,
692 2350 790 2390 Bell.
835 2351 955 2389 G‘oth.

226 2404 313 2441 Lib.
341 2416 391 2441 11.
421 2403 591 2441 homines
623 2404 741 2441 Marti
770 2412 957 2444 mactatos

203 2499 206 2502 ,
226 2465 423 2495 memorat.
450 2459 503 2495 At
519 2465 561 2495 ut
577 2457 759 2495 Germani
775 2458 958 2508 Scythica

225 2518 316 2549 sunt
341 2511 495 2561 origine,
522 2512 579 2549 ita
608 2523 761 2561 quoque
788 2513 956 2550 multum

227 2565 419 2615 Scythica>
431 2564 622 2615 religionis
633 2565 832 2603 retinuere.
861 2567 957 2604 Haec

228 2619 357 2669 igitur,
376 2619 405 2655 si
425 2618 545 2664 lubet,
563 2619 691 2657 confer
705 2632 795 2657 cum
810 2619 855 2656 iis
869 2633 956 2670 quae

229 2673 275 2710 de
305 2673 461 2723 Scythis
491 2672 606 2710 habet
635 2673 867 2720 Herodotus,
897 2685 956 2711 1v.

227 2728 280 2771 59
295 2733 331 2763 et
350 2739 427 2775 seq.
448 2738 484 2775 p.
504 2730 582 2764 240
600 2733 638 2762 et
656 2730 770 2769 241.-

283 2777 296 2798 ³
327 2779 427 2828 Isidi
457 2779 662 2829 sacrificat.
709 2780 842 2817 Asiam
879 2780 959 2817 Eu-

227 2845 438 2886 ropamque
484 2840 687 2884 pervagata
729 2840 784 2871 est
825 2833 956 2884 religio

228 2887 471 2938 AEgyptiaca.
516 2887 701 2937 *Repertae
730 2887 768 2924 in
799 2887 958 2925 Germa-

225 2941 291 2980 nia
310 2941 579 2992 Inscriptiones
606 2953 681 2978 non
700 2940 814 2978 modo
834 2951 955 2987 181121,

225 2996 289 3033 sed
306 2994 343 3032 et
362 3007 391 3033 1.
409 3008 449 3034 ο.
470 3007 516 3033 Μ.
547 3006 765 3033 sanarum.
823 2994 954 3034 Multa

1018 831 1096 870 alia
1109 832 1425 883 AEgyptiacorum
1437 840 1634 870 sacrorum
1643 831 1751 883 apud

1019 886 1228 924 Germanos
1243 893 1490 924 monumenta
1499 885 1657 924 exhibet
1665 897 1754 924 eru-

1019 940 1121 978 ditus
1159 940 1439 991 SchoepflinuS,
1463 940 1590 978 Alsat.
1619 935 1753 979 Illust.

1022 994 1110 1031 Vol.
1139 1007 1168 1032 1.
1203 1007 1242 1045 p.
1272 999 1365 1040 499.
1421 994 1584 1032 Cultum
1619 999 1752 1032 autem

1021 1049 1131 1086 Isidis
1159 1048 1197 1085 in
1225 1049 1418 1086 liburnam
1442 1046 1614 1098 figuratae
1644 1046 1755 1086 illus·

1021 1109 1095 1140 trat
1130 1102 1192 1140 Cl.
1224 1103 1431 1148 Muratori,
1468 1101 1650 1139 Thesaur.
1686 1100 1755 1140 In-

1019 1155 1152 1206 script.
1183 1156 1272 1194 Vol.
1294 1169 1324 1194 1.
1347 1169 1391 1207 p.
1410 1159 1475 1194 25.
1532 1155 1590 1193 Ibi
1605 1153 1754 1194 videre
1776 1184 1778 1187 v

1020 1217 1076 1247 est
1091 1211 1212 1247 Deam
1234 1221 1256 1248 c
1267 1221 1291 1248 1.
1302 1223 1359 1248 ΛΤ
1372 1222 1432 1247 RA
1445 1222 1492 1255 M,
1515 1222 1602 1259 quae
1619 1209 1754 1248 eadem

1021 1270 1076 1301 est
1098 1276 1143 1301 ac
1168 1264 1250 1302 Isis.
1287 1263 1439 1303 Dextra
1454 1263 1607 1301 sistrum
1624 1269 1664 1301 et
1679 1275 1755 1302 ser-

1021 1325 1170 1367 pentem
1191 1323 1314 1363 tenet3
1343 1316 1507 1364 sinistra,
1534 1329 1753 1356 mensuram

1025 1372 1106 1409 Nili
1127 1373 1347 1410 crescentis:
1377 1384 1494 1422 supra
1513 1377 1650 1422 caput
1649 1371 1754 1409 cala·

1022 1425 1132 1463 thum
1178 1427 1293 1476 gerit:
1340 1433 1439 1464 retro
1482 1431 1539 1463 est
1582 1424 1754 1465 liburna.

1023 1479 1125 1517 cum
1162 1480 1345 1518 Germani
1383 1480 1489 1517 Deos
1519 1479 1559 1516 in
1590 1478 1753 1518 humani

1021 1533 1095 1571 oris
1109 1534 1274 1584 speciem
1290 1546 1366 1571 non
1383 1531 1756 1580 adsimularent‚1si-

1023 1588 1121 1633 dem,
1141 1588 1341 1638 figuratam
1359 1587 1398 1625 in
1419 1588 1625 1634 liburnam,
1645 1599 1756 1625 vene-

1023 1642 1094 1679 rati
1112 1651 1201 1680 sunt
1224 1642 1352 1680 Suevi.
1394 1642 1499 1693 Ipsos
1523 1647 1671 1689 autem,
1684 1641 1755 1692 qui

1024 1695 1169 1742 Albim,
1199 1696 1505 1746 Danubiumque
1523 1694 1757 1742 accolenent,

1022 1749 1046 1786 ὲ,
1059 1751 1334 1788 mercatoribus
1347 1749 1573 1788 Romanisve
1587 1749 1758 1798 edoctos,
1770 1762 1776 1768 ·

1026 1804 1177 1850 Isidem,
1199 1804 1464 1854 navigantium
1486 1804 1624 1849 Deam,
1641 1802 1754 1842 colu-

1024 1858 1094 1895 isse
1121 1858 1278 1896 minime
1307 1858 1447 1895 mirum
1463 1863 1532 1895 est.
1589 1857 1754 1896 Sacrum

1024 1911 1123 1949 illud
1169 1912 1448 1964 pervulgatum,
1490 1923 1537 1949 ac
1585 1910 1755 1950 maxime

1024 1967 1208 2015 agebatur
1226 1979 1351 2004 mense
1366 1966 1525 2011 Martio,
1537 1964 1628 2003 cum
1647 1977 1757 2003 reno·

1024 2029 1177 2059 varetur
1193 2020 1396 2070 navigatio.
1441 2019 1535 2056 Inde
1551 2019 1592 2056 in
1613 2018 1761 2058 Kalen-

1025 2074 1134 2112 dario
1170 2081 1306 2112 vetere.
1347 2085 1416 2112 111.
1445 2073 1590 2110 Nonas
1603 2072 1754 2112 Martii.

1026 2140 1182 2167 1S1D1s
1215 2123 1502 2167 Navloru'm.
1559 2127 1757 2178 vegetius,

1026 2195 1066 2219 v.
1084 2186 1124 2227 9.
1152 2188 1336 2220 memorat
1365 2181 1469 2219 hunc
1503 2181 1678 2226 natalem,
1711 2186 1756 2220 ut

1024 2236 1080 2273 ita
1094 2236 1227 2282 dicam,
1245 2234 1511 2286 navigationis,
1526 2234 1591 2284 qui
1602 2235 1758 2274 solemni

1026 2289 1238 2336 certamine,
1276 2289 1499 2340 publicoque
1543 2290 1756 2339 spectaculo

1024 2345 1224 2381 multarum
1235 2344 1403 2395 gentium
1420 2342 1643 2380 celebratur.
1673 2342 1756 2388 Qui

1026 2398 1139 2448 plura
1165 2397 1266 2434 volet
1296 2398 1342 2434 de
1370 2396 1481 2433 cultu
1514 2396 1622 2434 Isidis
1649 2397 1756 2448 apud
1789 2430 1793 2432 ,

1027 2451 1186 2497 Suevos,
1205 2451 1316 2488 adeat
1336 2450 1397 2488 Cl.
1416 2449 1463 2486 de
1483 2450 1670 2496 Fontem,
1687 2451 1756 2501 qui

1026 2505 1120 2542 duas
1149 2505 1223 2542 hoc
1244 2505 1291 2542 de
1309 2510 1534 2554 argumento
1552 2503 1758 2542 dissertati-

1026 2571 1113 2596 ones
1130 2559 1263 2605 edidit,
1282 2558 1398 2596 Mem
1421 2559 1466 2596 de
1484 2557 1633 2596 l’Acad.
1655 2557 1755 2610 Roy.

1025 2613 1089 2651 cles
1107 2612 1271 2663 Inscrip.
1290 2611 1381 2649 V.ol
1402 2624 1442 2649 v.
1463 2624 1501 2662 p.
1516 2608 1569 2649 63
1587 2616 1722 2662 etseq.
1787 2607 1800 2623 ¹

1078 2664 1096 2686 ⁴
1123 2667 1330 2705 Advectam
1352 2665 1579 2724 religionem.
1609 2664 1664 2702 Ut
1680 2665 1771 2704 Rou-¹

1026 2721 1127 2757 mani
1171 2721 1210 2757 in
1251 2720 1439 2757 veteribus
1478 2715 1557 2756 suis
1589 2719 1759 2757 nummis

1026 2773 1142 2819 aereis,
1160 2774 1226 2823 qui
1244 2779 1376 2810 extant
1402 2771 1573 2832 plurimi,
1600 2766 1755 2811 Saturni

1025 2828 1231 2864 adventum
1263 2826 1386 2877 puppi
1418 2825 1542 2863 testati
1571 2831 1674 2871 sunt,
1699 2825 1757 2864 sic

1025 2880 1111 2918 aliae
1126 2887 1251 2930 gentes
1262 2880 1308 2917 ad
1321 2893 1359 2917 se
1372 2878 1758 2929 advectassreligiones

1024 2933 1245 2972 liburna'in
1277 2933 1442 2972 nummis
1473 2933 1551 2973 suis
1577 2930 1756 2984 expmst

1023 3000 1122 3038 saepe
1140 2987 1389 3026 declaravere.
