1768 3236
41 209 81 251 3.
99 211 147 250 C.
166 206 234 248 66.
354 205 499 246 LIBRI
530 205 731 245 DECIMI
763 203 923 243 SEXTI
952 204 1274 244 ANNALIUM.
1507 208 1585 244 453

41 317 77 357 ‘f
109 329 194 378 per
231 328 359 372 eum,
399 309 531 377 regni
563 310 695 375 jura:
747 326 858 357 eum
892 307 978 356 sibi
1013 305 1179 368 fatum,
1224 307 1311 357 sibi
1345 304 1583 358 fortunam

43 394 78 435 ‘5
110 391 261 439 esse-’²
1312 415 1315 417 >

107 553 189 592 41.
226 545 462 607 QUANTO
487 541 729 591 demissius
750 541 851 591 haec
873 539 1056 589 fiierant
1077 540 1214 599 dicta,
1230 550 1357 588 tanto
1378 538 1584 590 ferocius

41 621 275 686 respondit
291 623 456 669 Nero.¹
522 626 557 649 “
574 619 684 669 Huc
707 620 895 685 quidem
916 618 1084 668 merito
1105 617 1284 677 venisti,
1308 628 1361 665 ut
1381 630 1586 682 praesens

39 705 76 730 “
109 710 336 764 praesente
357 715 434 746 me
460 697 683 746 fruerere.
743 699 876 756 jura,
908 713 1000 745 nec.
1018 696 1046 745 a
1068 707 1197 761 patre
1229 695 1403 755 relicta,
1435 711 1521 743 nec
1556 693 1587 742 ἃ

41 783 77 806 “
110 776 345 835 fratribus,
377 775 487 824 licet
523 776 768 834 dedissent,
801 787 994 835 servata,
1029 775 1056 823 a
1079 790 1154 823 me
1183 784 1370 838 accepta
1398 773 1582 822 habeto.
1615 824 1618 827 ,

42 859 78 884 “
110 856 182 902 Te
203 870 364 918 regem
393 854 631 902 Armeniae
653 854 730 901 do·
798 855 892 912 Tu,
925 869 1100 917 vosque
1132 869 1311 910 omnes,
1345 868 1420 899 me
1439 867 1587 916 regna

45 938 78 971 ‘⁵
112 932 222 979 dare
238 942 284 979 et
299 930 500 979 adimere
515 930 802 996 intelligite.'’
871 932 994 978 Mox
1010 929 1282 989 Tiridaten‚²
1314 938 1398 994 per
1414 930 1585 977 devex-

45 1025 128 1059 um
160 1008 391 1073 pulpitum
423 1010 715 1068 subeuntem,
748 1011 807 1057 ad
829 1024 982 1074 genua
1001 1007 1211 1067 admisit;
1245 1007 1587 1072 allevatumque

43 1085 210 1135 dextra
250 1086 540 1134 exosculatus
583 1098 666 1134 est.
734 1085 859 1133 Dein
902 1101 1102 1150 regnum
1144 1095 1426 1149 precantem,
1471 1082 1588 1132 tiara

45 1162 262 1222 deducta,
285 1163 537 1211 diademate
555 1163 755 1211 evinxit:
791 1163 1036 1227 plaudente
1053 1161 1363 1220 multitudine,
1385 1172 1432 1210 et
1446 1162 1587 1210 verba

45 1241 278 1305 supplicis,
312 1241 529 1305 praetorio
550 1242 650 1289 viro
671 1241 980 1305 interpretata,
1012 1239 1352 1305 ingeminante..

112 1402 193 1443 42.
228 1396 358 1444 Imm
376 1396 435 1443 ad
451 1395 657 1460 Pompeii
675 1395 906 1444 theatrum
924 1395 1174 1444 discessum
1191 1405 1273 1443 est.
1312 1394 1588 1459 Numquam

44 1483 169 1521 tanta
200 1473 408 1536 apparuit
428 1473 528 1522 auri
547 1473 724 1522 vilitas.³
789 1475 903 1522 Non
932 1473 1078 1522 modo
1107 1475 1260 1532 scena,
1292 1472 1374 1521 sed
1399 1471 1592 1521 interior

46 1550 212 1605 theatri
228 1551 424 1599 ambitus
445 1569 559 1600 auro
581 1549 798 1617 opertus:
822 1552 939 1600 illud
960 1552 1284 1600 inumbrabant
1299 1551 1401 1599 vela
1415 1567 1592 1615 purpu-

15 1656 18 1657 ν
46 1642 143 1685 rea,
193 1645 395 1691 quorum
433 1628 585 1678 media
619 1629 668 1677 in
700 1640 829 1694 parte
857 1631 1006 1688 Ner0‚
1041 1629 1209 1677 currfis
1241 1627 1451 1694 agitator,
1500 1645 1588 1677 acu

48 1704 197 1768 pictus
230 1704 490 1766 videbatur5
519 1707 667 1755 aureis
701 1707 840 1755 stellis
869 1707 1190 1755 circumdatus.
1258 1709 1386 1754 Ante
1407 1721 1588 1754 conses-

47 1798 171 1840 sum,
193 1799 352 1831 rursus
375 1781 402 1830 ἶι
421 1783 628 1833 Tiridate
650 1785 956 1849 supplicatum
977 1795 1066 1832 est:
1091 1783 1256 1831 deinde
1271 1784 1406 1848 juxta
1418 1783 1591 1832 Princi-

50 1874 158 1921 pem
179 1858 319 1908 latere
359 1848 525 1909 deittro
565 1863 854 1920 collocatus,4
887 1861 1105 1926 spectavit
1141 1861 1293 1919 ludos,
1334 1860 1383 1908 in
1419 1860 1587 1925 quibus

0 1946 5 1954 '
49 1935 161 1982 nihil
197 1950 486 2001 usurpatum,
541 1940 627 1988 nisi
670 1957 784 1988 auro
827 1939 1074 2005 fulgidum.
1142 1942 1302 1987 Aurea
1343 1938 1591 1986 oculorum

51 2012 344 2063 delinimenta
387 2016 626 2080 pretiosius
669 2018 932 2067 convivium
975 2018 1189 2083 excepit.⁵
1254 2016 1369 2065 Post
1411 2015 1590 2064 rediere

56 2199 94 2236 id
125 2206 193 2246 est,
221 2201 306 2238 Deo
334 2202 415 2240 Soli
444 2204 584 2242 int-icto
616 2205 786 2250 Mithra»,
855 2218 1021 2243 xxxm.
1057 2210 1094 2244 3.
1114 2220 1152 2242 n.
1179 2203 1240 2243 16.
1297 2203 1380 2241 Nos
1404 2202 1583 2254 fecimus,

54 2263 300 2304 nuncupata:
331 2256 409 2306 quai
427 2261 473 2294 ‹le
493 2271 530 2295 re
549 2259 633 2296 vide
662 2260 787 2296 erudi·
854 2272 934 2309 quae
959 2259 1104 2310 posteri
1132 2259 1303 2305 fabulosa
1334 2257 1583 2295 arbitrentur.

59 2314 144 2345 tum
178 2308 399 2360 Philippum
432 2311 456 2347 ἐι
487 2312 620 2357 Turre,
650 2313 789 2350 Monu-
854 2312 993 2358 Caesur,
1036 2313 1099 2363 qni
1120 2304 1259 2362 ⁵posted
1295 2311 1461 2348 dictator
1481 2309 1584 2360 sitit,

55 2365 180 2400 ‘menta
213 2363 350 2399 veter-is
379 2364 503 2409 Antii,
531 2378 569 2415 p.
601 2370 690 2408 157.
719 2367 785 2403 ubi
851 2366 994 2415 primus
1013 2366 1050 2403 in
1081 2366 1260 2403 aedilitate
1284 2376 1433 2410 munere
1455 2365 1585 2414 ‘patris

52 2413 180 2453 multa
208 2414 255 2450 de.
286 2416 433 2455 Mithra
460 2419 619 2468 ejusque
649 2420 787 2457 tabulis
841 2419 1014 2470 fimebri,
1042 2420 1139 2457 omni
1169 2424 1352 2469 apparatu
1377 2430 1498 2454 areuae
1525 2431 1588 2456 ar—

59 2466 293 2518 symbolicis.
854 2478 987 2522 geuteo
1016 2485 1103 2511 usus
1133 2471 1301 2510 (ππ-Ο.
1321 2470 1507 2509 Antonius
1532 2472 1590 2509 lu-

370 2524 383 2545 *
858 2527 922 2563 dos
957 2525 1067 2564 scend
1102 2524 1283 2577 argentea
1301 2523 1586 2576 fecit.—Nero

114 2571 126 2589 ¹
157 2574 363 2624 Respondit
383 2577 504 2615 Nero.
560 2578 646 2616 Iloc
667 2579 789 2616 Nero·
858 2579 1023 2629 Pompeii
1052 2579 1239 2617 theatrum
1265 2577 1413 2629 operuit
1436 2590 1528 2615 auro
1549 2579 1590 2616 in

60 2625 119 2664 nis
137 2639 354 2678 responsum
374 2630 487 2668 habet
507 2631 597 2676 Dio,
625 2632 703 2670 loc.
724 2632 790 2670 cit.
857 2645 967 2670 mmm
987 2633 1094 2679 diem,
1113 2633 1210 2683 quod
1229 2631 1397 2670 Tiridati
1414 2630 1497 2680 regi
1515 2633 1593 2670 Ar-

115 2676 134 2695 ²
160 2680 256 2719 Mox
294 2683 505 2722 Tiridaten.
561 2685 655 2722 Haec
694 2686 789 2723 Sue-
859 2685 984 2723 meniae
1002 2686 1227 2724 ostenderet.
1280 2685 1333 2722 Et
1362 2688 1474 2735 quota
1496 2700 1589 2736 pars

59 2736 141 2771 lon.
158 2733 198 2771 in
216 2734 310 2774 Ner.
329 2748 427 2775 xm.
446 2746 484 2775 et
504 2739 593 2783 Dio,
606 2738 682 2776 loc.
703 2739 770 2776 cit.
860 2751 902 2777 ea
919 2738 1008 2790 fixit
1025 2753 1145 2778 aureae
1163 2737 1291 2777 domnis
1307 2737 1500 2778 ambientis
1523 2750 1589 2778 ur·

116 2783 133 2806 ³
159 2788 262 2826 Auri
280 2789 418 2828 vilitas.
465 2791 569 2835 ldeo,
590 2799 682 2830 teste
701 2793 796 2829 Dio·
862 2793 967 2830 bem!

62 2851 124 2887 ne,
146 2840 221 2879 loc.
242 2844 309 2882 cit.
330 2843 408 2881 dies
427 2843 491 2882 ille
507 2857 647 2883 aureus
665 2845 795 2895 appel·
913 2843 933 2867 ⁴*
963 2844 1187 2884 Collocutus.
1244 2845 1400 2885 Sueton.
1418 2847 1494 2885 loc.
1513 2845 1580 2883 cit.

60 2891 164 2932 latus
181 2901 248 2942 est,
275 2894 337 2943 ἀφ’
351 2894 375 2936 εἰ
391 2898 452 2935 καὶ
479 2898 534 2939 τὴν
564 2896 683 2951 ἦμέςκν
697 2898 795 2939 αἴῃ-ὲν
916 2897 931 2920 ⁵
963 2898 1178 2938 Convivium
1195 2900 1349 2950 excepit.
1403 2901 1493 2947 Dio,
1514 2898 1592 2937 loc.

63 2948 190 3000 κςνσίι
223 2947 452 3000 ἐπωνόμασαν.
507 2952 608 2992 Vere
635 2952 798 3002 Plinius,
866 2952 936 2993 cit.
973 2954 1018 2993 In
1035 2953 1153 2992 aurea
1170 2953 1299 3002 domo,
1315 2953 1364 2993 de
1380 2952 1462 3006 qua
1478 2952 1594 2993 modo
