1768 3236
425 190 709 233 DIALOGUS
739 191 815 232 DE
840 191 1210 235 ORATORIBUS.
1495 197 1577 239 205

25 299 96 365 in>
117 296 290 366 quibus
326 298 423 363 jam
465 295 567 347 feri:
611 294 827 360 plurimae
865 311 1016 344 causae
1059 298 1386 361 explicantur?
1444 302 1580 352 ,Nam

29 378 273 447 quomodo
310 375 499 434 nobiles.
524 391 673 439 equos
710 389 874 423 cursus
897 385 942 421 et
964 374 1107 438 spatia
1146 377 1374 438 probant;
1408 378 1473 429 sic
1510 391 1583 431 est

28 456 194 525 aliqms
232 465 475 504 oratorum
516 468 727 515 campu8‚
761 467 846 515 per
885 468 1026 515 quem
1067 452 1152 501 nisi
1189 453 1320 502 liberi
1358 467 1405 503 et
1443 457 1584 510 soluti

29 533 258 594 ferantur,
287 531 549 591 debilitatur
570 525 622 578 ac
639 528 878 594 *frangitur
899 529 1174 594 eloquentia.
1212 532 1364 594 Ipsam
1387 533 1584 597 quinim-

31 628 118 673 mo*
146 607 309 674 curam
328 620 379 658 ‘et
399 608 628 674 diligentis
650 608 755 673 styli
775 607 1054 656 anxietatem
1093 609 1371 658 contrariam
1403 613 1584 674 expeti.

31 705 169 750 mur:
205 687 313 753 quia
334 703 457 750 saepe
478 686 730 750 interrogat
747 685 926 750 judex3
964 686 1154 750 quando
1189 686 1407 751 incipias:
1442 701 1490 736 et
1519 707 1584 740 ex

26 764 393 831 intentogatione
415 765 513 828 ejus
535 762 848 826 incipiendum
883 773 966 812 est.
1034 763 1322 827 Frequenter
1355 767 1588 830 probatio-

36 843 174 901 nibus
209 853 255 891 et
278 841 497 901 testibus,
532 841 763 889 silentium
802 852 1022 905 patronus
1055 841 1243 891 indicit:
1262 844 1278 866 ⁸
1311 860 1433 892 unus
1466 844 1589 893 inter

35 921 139 981 haec
175 920 344 970 dicenti
363 937 416 968 ac
439 920 556 972 alter
589 918 798 977 adsistit,²
831 929 877 966 et
899 935 973 966 res
994 919 1122 967 velut
1144 919 1191 967 in
1214 920 1459 969 solitudine
1492 922 1589 987 agi-

33 1011 127 1059 tur.
195 998 387 1047 Oratori
420 1009 575 1047 autem
610 997 814 1045 clamore
848 996 1107 1061 plausuque
1130 1014 1247 1061 opus
1271 1010 1355 1057 est,
1389 1011 1436 1046 et
1458 1000 1588 1048 velut

35 1076 244 1145 quodam
266 1076 475 1124 theatro:
512 1074 663 1139 qualia
685 1067 890 1138 quotidie
911 1073 1108 1138 antiquis
1129 1076 1388 1124 oratoribus
1408 1078 1586 1126 contin·-

37 1155 237 1220 gebant:
280 1153 396 1202 cslm
435 1163 504 1201 tot
541 1151 712 1216 pariter
750 1169 803 1200 ac
842 1162 938 1199 tam
976 1152 1154 1200 nobiles
1188 1152 1347 1201 forum
1384 1167 1588 1204 coarcta-

39 1242 173 1280 rent:
231 1231 348 1297 cvssjm
397 1230 623 1278 clientelae
666 1246 874 1294 quoque,
925 1240 971 1277 et
1023 1230 1188 1288 tribus,
1228 1232 1588 1296 municipiorum

6 1347 10 1349 -
38 1309 179 1362 etiam
211 1308 478 1374 legationes,
510 1325 563 1356 ac
603 1324 709 1372 pars
748 1306 890 1355 Italiae
928 1306 1285 1370 periclitantibus
1319 1310 1586 1359 adsisteret:

37 1387 158 1437 cum
192 1386 240 1434 in
269 1387 499 1451 plerisque
531 1385 714 1452 judiciis
751 1385 961 1439 crederet
994 1386 1195 1448 populus
1227 1387 1472 1438 Romanus
1504 1405 1590 1436 sua

40 1464 259 1513 interesse
279 1464 393 1529 quid
409 1464 707 1530 judicaretur.
775 1463 893 1512 Satis
930 1475 1110 1512 constat
1133 1465 1191 1512 C.
1217 1464 1509 1524 Cornelium,
1542 1477 1591 1514 et

42 1543 116 1591 M.
140 1544 386 1602 Scaurum,
419 1554 471 1595 et
489 1544 548 1590 T.
574 1542 820 1600 Milonem,
854 1552 901 1591 et
922 1543 978 1590 L.
1003 1541 1240 1600 Bestiam,³
1275 1553 1321 1589 et
1334 1543 1396 1590 P.
1420 1542 1596 1590 Vatini·

38 1636 144 1679 um,
170 1637 408 1678 ,concursu
431 1620 586 1670 totius
623 1618 813 1669 civitatis
843 1629 888 1666 et
919 1630 1154 1668 accusatos
1184 1630 1230 1666 et
1259 1617 1474 1668 defensos
1487 1636 1503 1668 ι
1538 1631 1593 1669 ut

42 1696 360 1763 frigidissimos
397 1714 587 1762 quoque
626 1708 850 1755 oratores,
881 1695 979 1760 ipsa
1007 1696 1220 1745 certantis
1242 1696 1402 1760 populi
1424 1697 1593 1757 studia,

43 1775 246 1823 excitare
275 1787 320 1823 et
348 1776 594 1825 incendere
627 1774 874 1838 potuerint.
943 1775 1103 1838 Itaque
1135 1773 1326 1822 hercule
1367 1775 1592 1839 ejusmodi

0 1880 2 1882 ·
47 1851 153 1904 libri
184 1865 360 1912 extant,
394 1865 446 1901 ut
473 1853 558 1918 ipsi
587 1870 793 1917 quoque,
825 1852 907 1918 qui
941 1862 1155 1918 egerunt,
1187 1868 1285 1900 non
1321 1852 1420 1900 aliis
1448 1852 1597 1967 magis

45 1930 331 1989 orationibus
353 1941 640 1980 censeantur.

0 2099 13 2134 ζ,
50 2084 363 2136 inspiciebantur,
383 2093 427 2124 ut
444 2087 571 2125 videre
586 2087 695 2124 estin
715 2087 787 2125 Di·
853 2095 931 2127 cat.
988 2087 1062 2126 Sed
1097 2092 1292 2138 pati-oum,
1329 2084 1397 2135 qui
1432 2097 1590 2123 causam

49 2145 143 2188 gest.
172 2139 277 2178 Libr.
306 2152 463 2178 vau1.
493 2141 572 2179 Tit.
604 2145 664 2179 13.
721 2142 784 2179 Ad
857 2142 1095 2193 praecipitare
1116 2140 1193 2178 votl
1190 2142 1279 2185 bat,
1303 2139 1596 2189 probationibus

52 2192 172 2242 legem
189 2193 336 2231 Juliam
364 2194 583 2232 peculatus.
615 2195 727 2245 ,Le-g.
749 2200 784 2234 8.
858 2206 894 2234 ct
913 2197 1082 2240 testibus,
1111 2194 1220 2244 quasi
1240 2206 1359 2231 causa
1385 2193 1474 2230 satis
1503 2206 1594 2243 cog-

52 2246 102 2283 de
117 2246 290 2284 Tabulis
346 2248 463 2286 Pon-‹⁸›
492 2249 529 2286 in
553 2248 610 2286 his
637 2250 787 2287 audito-
859 2263 895 2287 nx
901 2250 954 2296 ta,
981 2262 1050 2286 nec
1078 2248 1352 2297 refmgantibus
1377 2247 1595 2297 judicibus,

52 2300 119 2338 riis
130 2307 170 2337 et
183 2301 382 2338 tabulariis
397 2314 522 2341 causae
540 2303 787 2354 explicaban-
860 2279 1055 2341 siletitium
1077 2303 1284 2340 indicebat.

0 2401 2 2409 k
55 2360 133 2399 tur,
153 2367 228 2391 ton
247 2355 334 2392 veri)
352 2357 582 2393 orabuntur..
619 2360 680 2394 Ac
700 2371 787 2407 pro·
913 2355 931 2372 ²
969 2357 1148 2395 Adsistit.
1204 2356 1348 2393 Contra
1380 2354 1469 2392 vcro
1498 2355 1599 2395 olim·

51 2407 143 2444 inde
176 2408 306 2446 nullus
340 2409 568 2459 eloquentiae
609 2411 786 2461 impetus,
862 2411 1099 2449 auditorium
1128 2422 1276 2459 semper
1305 2409 1475 2460 plenum,
1500 2423 1598 2447 sem·

56 2460 188 2499 nullus
224 2462 345 2508 calor,
379 2463 483 2512 vigor
516 2463 667 2502 nullus.
710 2478 787 2514 qua
863 2478 931 2515 per
948 2477 1102 2510 novum,
1132 2471 1177 2501 ut
1194 2464 1360 2500 vidimus
1374 2472 1493 2514 supra
1508 2477 1597 2516 cap.

54 2515 104 2552 de
133 2527 173 2552 re
206 2516 291 2553 vide
324 2516 640 2566 cleg-tutissimam
674 2518 787 2556 Plinii
863 2523 930 2556 34.
1140 2515 1148 2523 ⁸

0 2576 2 2607 T
55 2568 271 2620 epistolam,
300 2575 437 2615 11.19.
917 2568 932 2591 ³
963 2570 1011 2608 L.
1043 2570 1219 2608 Bestiam.
1275 2570 1411 2608 Omtio
1445 2571 1609 2608 Cicero-1

0 2623 6 2642 ‘
841 2625 922 2663 'nis
950 2637 1020 2674 pro
1050 2625 1093 2662 L.
1124 2624 1252 2662 Bestia
1283 2625 1419 2675 periit:
1448 2634 1600 2669 ceterae.

113 2671 349 2715 'Patronus
379 2677 525 2716 indicit.
579 2678 641 2716 Cl.
663 2678 793 2716 Mom-
865 2692 952 2729 quae
970 2676 1034 2715 hic
1053 2686 1325 2723 memorantur,
1353 2679 1409 2715 vul
1439 2679 1603 2725 mutilae,

58 2726 138 2774 bin,
165 2731 353 2777 emendat,
378 2738 563 2782 patrono:
595 2733 656 2770 Cl.
680 2734 749 2770 de
755 2733 793 2769 la
868 2733 924 2769 wi
944 2732 1104 2770 refectae.
1155 2733 1241 2770 Una
1259 2733 1297 2769 in
1319 2733 1517 2770 Vatinium
1535 2745 1605 2768 ex·

16 2794 22 2796 ’
59 2777 269 2834 Monnoye,
283 2786 469 2835 patronis.
525 2786 636 2823 Forte
653 2795 793 2831 tamen,
869 2794 924 2824 tat
942 2786 1098 2835 integra.
1164 2787 1224 2824 De
1242 2786 1411 2823 oratione
1430 2798 1499 2837 pro
1514 2786 1604 2822 Bes-

57 2835 110 2871 ob
126 2838 326 2876 verborum
345 2852 581 2898 compagem,
609 2853 695 2889 quae
727 2840 791 2877 vix
868 2840 924 2877 tia.
954 2840 1039 2876 vide
1069 2840 1292 2877 Ciceronem
1325 2840 1374 2877 ad
1407 2839 1601 2887 Quintum
1666 2857 1680 2865 ·

19 2901 23 2908 ·
58 2890 312 2931 mutationem
330 2893 488 2944 patitur,
511 2893 607 2932 nihil
623 2890 689 2933 hic
706 2906 795 2944 pec·
868 2894 1051 2941 fratrem,
1079 2905 1150 2931 111.
1169 2894 1241 2943 Ep.
1260 2898 1299 2932 2.
