1768 3236
135 179 215 223 406

687 176 1140 219 SUPPLEMENTUM

1401 177 1452 215 A.
1474 175 1583 216 (Le.
1600 177 1696 223 797.

141 287 415 337 libertorum
447 279 703 333 honoribus
736 274 927 333 foedata.
980 270 1065 333 ‘At
1085 278 1258 341 Posidi,
1284 279 1536 339 eunucho‚¹
1568 278 1690 330 inter
1749 344 1752 348 ,

200 442 215 462 ¹
245 442 395 490 Posidi,
414 440 589 480 eunucho.
635 439 770 478 Aurel-
789 440 884 478 Vic-
957 437 1186 478 edidicimus
1209 435 1391 487 originem
1419 433 1728 492 eunuchorum„

146 503 219 545 tor,
246 497 285 535 in
305 497 495 547 Epitome‚
518 493 684 535 Posidio.
740 495 795 532 At
811 494 885 532 Po-

147 553 253 591 siden
284 563 373 589 eum
407 548 578 601 appellat
611 547 815 586 Suetonius
845 547 887 585 in

147 606 290 645 Claud.
309 615 475 642 xxvnr.
528 601 766 641 Libertorum
790 614 889 652 prae·

148 660 253 711 cipue
290 658 456 708 suspexit
487 655 648 694 Posiden
679 652 903 706 spadonem,

149 727 253 764 quem
289 706 400 750 etiami
438 708 661 749 Britannico
704 708 888 760 triumpho

147 768 250 806 inter
267 766 449 806 militares
466 765 566 804 viros
585 762 694 802 has-td
713 760 812 814 φανά
829 763 895 801 do-

148 822 270 860 mavit.
314 820 432 857 Hunc
450 825 558 856 notat
575 817 598 856 J
605 817 784 863 uvenalis,
802 829 892 855 xxv.

149 880 222 924 91·.

155 980 195 1008 Ut
204 979 300 1014 spado
311 977 448 1012 vincebat
460 977 614 1013 Capitolia
625 974 732 1003 nostra
745 975 874 1002 Posides.

152 1086 256 1125 Vide
286 1090 325 1123 et
353 1083 538 1131 Plinium,
584 1094 715 1121 xxxr.
752 1085 789 1121 2.
825 1080 892 1119 ubi

154 1152 277 1192 aquas¹
293 1138 514 1177 Posidianas
531 1143 730 1175 memorat.
767 1137 894 1174 Gran-

156 1195 215 1241 de,
242 1193 338 1231 licet
353 1191 532 1243 ignobile,
560 1190 601 1228 in
618 1190 808 1230 veteribus
822 1189 898 1228 his-

155 1248 264 1286 toriis
302 1245 570 1285 eunuchorum
607 1257 757 1283 nomen.
814 1241 896 1281 Diu

155 1301 382 1353 pervulgata
410 1313 477 1352 per
495 1298 665 1338 Orientis
693 1311 806 1350 regna
835 1311 897 1336 eo-

156 1369 243 1394 rum
270 1355 494 1401 auctoritas,
523 1353 563 1390 in
580 1353 740 1405 imperio
759 1354 900 1392 Roma-

156 1423 213 1463 nos
226 1409 378 1448 tandem
397 1407 573 1454 invaluit,
592 1408 684 1446 cum
703 1407 899 1457 Principes

157 1464 342 1516 quaelibet
375 1475 507 1513 regum
536 1461 647 1500 libita
675 1461 901 1499 aernularen-

158 1528 235 1565 tur,
254 1524 303 1565 et,
322 1523 467 1568 quanto
485 1515 604 1566 magis
622 1516 900 1563 insolescerent,

159 1577 267 1610 tanto
284 1571 372 1622 plus
388 1570 656 1608 dominationis
683 1571 840 1621 adeptos
862 1583 901 1608 se

159 1639 236 1664 esse
266 1625 531 1676 gloriarentur.
587 1624 640 1662 Ut
657 1624 756 1663 illud
785 1624 904 1662 fortu-

115 1689 122 1693 ’
159 1693 218 1719 nae
236 1686 455 1730 portentum
472 1685 736 1729 cognoscatur,
763 1691 905 1729 expen-

147 1735 251 1785 ,dam
273 1732 427 1784 quando
447 1733 488 1770 in
503 1733 595 1770 orbe
612 1733 769 1784 coeperit
784 1744 905 1770 eunu-

89 1790 92 1794 '
161 1788 325 1827 chorum
353 1785 536 1834 conditio,
564 1786 665 1824 unde
695 1792 790 1834 orta,
819 1787 904 1838 quis

162 1842 288 1894 primo
322 1841 437 1879 fuerit
470 1853 604 1878 eorum
639 1847 774 1888 status,
818 1853 904 1891 quae

164 1896 300 1934 deinde
336 1895 500 1943 fortuna,
539 1894 610 1946 qui
644 1907 779 1942 mores,
820 1907 906 1945 quae

163 1950 272 1988 varia
288 1950 444 1987 demum
462 1948 560 1987 fata.⁴

219 2003 537 2055 Antiquissimam
553 2014 630 2040 esse
641 2000 907 2043 eunuchorum

166 2058 423 2098 conditionem
439 2056 581 2095 evincit
600 2056 718 2094 Sacra
735 2055 910 2106 Scriptu-

105 2135 113 2141 ·
165 2126 222 2160 ra,
239 2125 326 2163 quae
345 2110 610 2161 Putipharem,
631 2109 908 2148 validissimum

165 2166 208 2204 in
238 2164 331 2204 aula
363 2164 585 2211 Pharaonis,
613 2163 771 2215 AEgypti
802 2163 911 2213 regiS,

167 2220 406 2266 eunuchum,
424 2224 463 2257 et
477 2217 690 2270 principem
706 2215 913 2263 exercitus,

167 2280 338 2325 tempore
368 2273 526 2325 Joseph,
563 2271 633 2309 filii
660 2271 796 2319 Jacob,
835 2283 914 2308 me-

168 2334 306 2367 morat.
343 2327 482 2366 Genes.
516 2338 662 2365 xxxrx.
701 2332 736 2364 1.
789 2325 915 2363 Tanta

168 2381 341 2421 eunuchi
358 2381 512 2419 fortuna
527 2381 665 2431 probat
682 2379 732 2417 ad
751 2379 917 2429 antiqui·

169 2448 239 2474 ora
268 2440 442 2485 tempora
471 2434 659 2486 pertinere
689 2446 822 2471 eorum
848 2445 916 2470 no-

169 2502 272 2531 men.
327 2489 593 2539 Suffragantur
610 2499 766 2539 quoque
776 2495 779 2503 ¹
790 2491 916 2526 vetus-

171 2543 317 2582 tissima
334 2543 485 2594 imperii
505 2542 668 2581 Sinensis
694 2553 917 2579 monumen-

172 2603 227 2645 ta,
255 2610 342 2648 quae
372 2595 455 2647 ipsa
482 2601 593 2634 aetate
610 2595 704 2646 regis
723 2595 763 2634 Y
761 2608 819 2642 ao,
846 2595 915 2645 qui

172 2652 300 2689 vivere
317 2651 429 2688 desiit
456 2663 555 2688 anno
581 2653 701 2689 2258.
718 2651 770 2688 A.
784 2650 832 2688 C.
850 2661 918 2686 eu-

175 2704 325 2744 nuchos
343 2711 656 2742 commemorant.

230 2761 286 2797 At
313 2771 446 2796 eorum
477 2758 582 2809 origo
612 2770 680 2795 nos
706 2756 852 2803 lateret,
880 2756 919 2793 ni

177 2812 349 2851 Sinensia
373 2817 622 2851 monumenta
645 2811 774 2849 lucem
791 2807 921 2848 intuto

176 2866 412 2908 obscuritate
428 2866 695 2920 praetulissent.
752 2864 806 2904 Iis
819 2863 922 2905 enim

963 499 1008 531 ut
1025 491 1101 531 tale
1117 491 1276 529 decebat
1296 489 1544 528 humanitatis
1562 501 1706 541 propin-7

961 547 1082 592 dium,
1127 544 1240 583 fuisse
1284 540 1491 583 infantiam.
1539 543 1704 595 Nempe,

963 600 1030 639 ubi
1041 599 1209 650 primum
1228 597 1390 636 conditae
1403 604 1494 636 sunt
1504 596 1704 635 hominum

963 653 1177 700 societates,
1203 665 1362 704 erupere
1379 651 1484 698 vitia,
1510 648 1704 704 acsmod‘b

967 708 1052 759 post
1069 707 1244 746 crimina.
1300 706 1391 744 Non
1408 705 1536 744 statim
1549 710 1708 745 ventum

967 763 1016 800 ad
1061 760 1267 812 supplicia.
1323 759 1478 797 Placuit
1521 755 1708 810 pudorem

969 815 1145 866 experiri,
1154 822 1231 865 quo
1244 814 1409 853 coerceri
1423 819 1550 865 posset
1560 814 1711 851 reorum

969 869 1206 920 improbitas.
1263 868 1390 906 Indita
1414 874 1503 905 sunt
1526 865 1614 916 ergo
1637 864 1713 905 cri-

971 925 1119 962 minum
1136 923 1207 971 reis
1223 922 1401 973 quaedam
1418 922 1542 972 signa,
1559 927 1599 958 et
1612 917 1710 970 jussi

951 1019 954 1022 .
970 985 1060 1016 sunt
1078 984 1194 1015 vestes
1212 976 1324 1014 certis
1340 975 1535 1014 coloribus
1555 972 1712 1012 distinc-

972 1039 1028 1070 tas
1047 1032 1215 1078 induere,
1243 1038 1326 1069 tum
1344 1036 1390 1068 ut
1406 1022 1716 1080 dignoscerentur

973 1093 1011 1124 et
1030 1086 1079 1123 ab
1098 1085 1143 1122 iis
1172 1089 1462 1136 praecaveretur,
1490 1089 1573 1121 tum
1590 1088 1636 1120 ut
1657 1078 1715 1136 i'p-

974 1153 1032 1178 sos
1049 1139 1109 1178 sui
1126 1139 1286 1190 puderet
1299 1145 1336 1176 et
1346 1138 1387 1176 in
1403 1137 1538 1176 melius
1551 1142 1716 1174 veteren-

977 1200 1053 1233 tur.
1111 1193 1279 1231 Duravit
1319 1205 1411 1231 usus
1445 1192 1538 1230 dum
1571 1189 1646 1229 suit
1663 1194 1718 1242 :et

975 1247 1190 1288 securitatis
1209 1253 1248 1285 et
1264 1245 1493 1299 poenitentiae
1511 1257 1608 1296 spes.
1661 1243 1718 1282 At

949 1320 953 1327 ·
979 1303 1070 1342 cum
1097 1302 1360 1353 improborum
1385 1299 1586 1338 hominum
1605 1303 1720 1336 natu-

949 1378 957 1388 ·
979 1371 1034 1404 ra,
1074 1355 1303 1406 aliquandiu
1349 1354 1498 1405 pudore
1539 1350 1720 1398 coercita,

978 1411 1132 1449 levitate
1149 1422 1268 1460 poenae
1285 1407 1507 1447 insolescere.
1534 1404 1721 1458 coepisset,

979 1465 1198 1516 excogitata
1224 1461 1430 1514 supplicia.
1487 1460 1589 1507 Quae
1612 1459 1723 1506 inter,

980 1526 1162 1571 quartum
1181 1523 1414 1556 memoratur
1424 1515 1448 1554 ὲ,
1459 1513 1724 1554 vetustissimis

980 1573 1228 1625 scriptoribus
1262 1571 1494 1617 Sinensibus,
1533 1566 1722 1607 virilitatis

982 1627 1162 1666 ademtio.
1218 1627 1354 1677 anue
1374 1630 1455 1662 erat
1483 1632 1615 1676 poena‚‘
1635 1633 1724 1675 quoe

984 1681 1202 1728 calumniae,
1229 1677 1496 1731 impudicitiae,
1515 1675 1723 1729 proditioni

985 1737 1240 1787 infligebatur.
1687 1743 1690 1746 ⁴

1042 1791 1096 1828 Ut
1112 1789 1308 1840 originem,
1322 1788 1377 1826 ita
1389 1799 1546 1838 quoque
1559 1784 1727 1838 primum
1766 1787 1768 1791 ’

986 1844 1252 1883 eunuchorum
1271 1847 1415 1880 statum
1432 1854 1499 1879 nos
1514 1840 1654 1878 docent
1670 1835 1731 1877 Si-

988 1900 1119 1937 nensia
1163 1903 1422 1934 monumenta.
1478 1892 1599 1933 Haud
1637 1891 1730 1931 satis

989 1952 1113 1990 visum
1155 1950 1351 1990 eunuchos
1397 1947 1580 1988 virilitate
1622 1945 1731 1992 exui.

991 2005 1137 2045 conditi
1162 2010 1251 2043 sunt
1269 2005 1308 2042 in
1325 2001 1570 2042 interioribus
1595 1999 1733 2053 palatii
1763 2002 1768 2015 ⁴

991 2060 1266 2110 imperatorum
1311 2057 1526 2096 Sinensium
1556 2053 1732 2106 partibus

990 2114 1154 2164 aliisque
1184 2125 1318 2151 eorum
1351 2111 1542 2157 domibus,
1570 2115 1615 2151 ut
1640 2104 1733 2147 villa

991 2173 1030 2206 et
1058 2166 1230 2205 difficilia
1247 2178 1411 2217 quaeque
1427 2163 1638 2203 ministeria
1650 2161 1736 2209 obi-

993 2226 1098 2268 rent3
1126 2228 1176 2267 et,
1203 2219 1295 2258 cum
1312 2219 1469 2258 infames
1488 2222 1620 2264 essent,
1644 2227 1736 2267 ,pro-

993 2275 1074 2314 dire
1118 2275 1157 2312 in
1201 2273 1439 2326 imperatoris
1483 2277 1732 2323 conspectum

993 2328 1317 2382 prohibebantur:
1346 2327 1509 2378 ideoque
1525 2325 1586 2363 ·iis
1614 2323 1738 2364 maxi·

994 2383 1055 2422 me
1081 2382 1226 2421 credita
1241 2381 1368 2420 officia
1384 2379 1491 2432 apud
1515 2391 1678 2418 uxorem
1687 2383 1735 2434 ‘et

995 2436 1231 2477 concubinas
1247 2433 1497 2487 imperatoris.

1049 2489 1140 2529 Illas
1158 2490 1323 2529 infamiae
1340 2487 1532 2540 angustias
1548 2485 1656 2537 apud
1669 2479 1737 2533 ΛΕ-

995 2544 1144 2596 gyptios
1167 2543 1247 2583 cito
1276 2543 1410 2595 egressi
1438 2547 1529 2580 sunt
1552 2538 1738 2584 eunuchi,

997 2599 1089 2637 cum
1108 2598 1358 2650 Putipharem
1384 2591 1579 2635 exercitos
1597 2591 1742 2645 princi-

997 2664 1084 2703 pem
1112 2653 1197 2703 jam
1231 2658 1348 2704 supra
1388 2646 1739 2689 memoraverimus.

991 2709 1047 2745 At
1075 2707 1116 2744 in
1136 2706 1281 2745 Sinensi
1311 2703 1485 2757 imperio,
1514 2698 1583 2740 ubi
1614 2699 1759 2752 pluri-¹

991 2760 1099 2798 mum
1145 2773 1292 2811 semper
1331 2757 1456 2798 valuit
1495 2753 1746 2805 antiquitatis-

992 2814 1212 2857 reverentia,
1253 2827 1321 2865 per
1354 2812 1480 2851 multa
1511 2806 1645 2848 secula
1667 2799 1740 2845 dir·

992 2869 1091 2907 ravit
1130 2863 1397 2907 eunuchorum
1439 2861 1608 2917 squalor.
1663 2859 1740 2899 Per
