1768 3236
527 118 532 122 ,
745 42 825 119 1:14⁹
1738 104 1742 110 .

170 177 254 235 240.
571 212 574 217 ,
614 217 616 219 .
713 164 1171 207 SUPPLEMENTUM
1243 209 1245 211 ,
1443 165 1496 206 Α.
1509 167 1564 210 υ
1574 167 1630 211 c.
1640 146 1740 224 m

174 279 345 336 viriles,
381 275 539 340 plures
576 269 879 330 adsuetudine
903 269 1104 329 servitii,
1142 268 1371 319 imbelles
1450 269 1734 371 ¹0er

174 356 346 409 melius
397 352 526 401 flexit
571 350 721 416 Sejani
771 348 1029 396 amicorum
1085 347 1464 414 integerrimus:¹
1508 349 1734 413 ,miminqg

174 452 283 501 quae
299 431 413 481 nihil
436 430 495 478 ad
517 446 565 477 se
588 427 887 493 pertinerent,
907 425 1058 473 siluit:
1095 441 1272 474 sacram
1292 424 1603 492 intactamque
1619 427 1731 481 ami-

175 512 328 562 citiam
350 506 577 577 purgavit.
648 510 681 532 ⁶⁶
704 493 1032 568 Numquam,''
1069 503 1236 567 inquit,
1264 508 1297 531 ⁶⁶
1315 504 1469 569 Sejani
1500 520 1732 570 amorem,

177 597 211 620 ⁶⁶
247 588 360 638 mihi
398 586 645 651 pudorem,
685 594 763 629 aut
800 582 965 646 Sejano
1005 579 1222 628 invidiam
1256 580 1504 639 allaturum
1538 583 1735 658 censui}

178 674 213 697 ‘⁶
248 669 346 734 ejus
381 661 577 713 amicitia
611 662 670 710 ad
708 659 974 724 reipublicae
997 658 1240 717 utilitatem
1261 675 1367 706 sum
1388 676 1515 713 usus.
1584 660 1735 724 νεάζει

179 752 213 776 “
249 757 318 794 est
338 742 557 800 fortuna3
595 751 640 787 et
676 738 753 785 ille
788 736 995 802 quidem,
1036 736 1116 801 qui
1154 736 1384 804 collegam
1418 747 1465 785 et
1501 753 1742 803 genez-mnf

179 830 214 853 ‘⁶
249 821 518 878 adsciverat,
559 818 643 866 sibi
689 815 907 881 ignoscit:
957 814 1114 873 ceteri,
1176 831 1319 878 quem
1373 829 1459 878 per
1501 815 1736 874 dedecora

179 908 215 931 ‘⁶
249 900 428 959 fovere,
485 914 594 946 cum
639 895 811 944 scelere
855 893 1150 942 insectantur.
1241 894 1477 941 Caesarem
1520 894 1738 961 absoluit,¹

180 986 215 1008 ‘⁶
250 989 442 1045 experta
474 987 558 1040 per
593 972 829 1021 sexdecim
851 987 1014 1030 annos,
1052 970 1203 1036 Sejani
1238 971 1369 1019 fides.
1438 971 1542 1031 Hos
1580 972 1738 1038 arguit

180 1064 214 1086 ‘⁶
250 1057 474 1122 probrosa
495 1050 760 1099 adsentatio.
829 1051 914 1097 Me
954 1065 1083 1096 sacra
1115 1047 1326 1098 amicitiae
1359 1050 1466 1114 jura
1498 1061 1753 1133 tueantur*

181 1142 216 1164 ⁶⁶
251 1132 468 1183 Miserius
492 1130 548 1178 sit
586 1130 648 1177 ob
683 1127 928 1176 amicitiam
949 1126 1171 1186 accusari,
1200 1143 1260 1175 an
1295 1126 1498 1176 amicum
1517 1143 1740 1186 aecum

181 1195 215 1242 ‘⁶
251 1211 377 1260 haud
413 1190 737 1257 discreverim.
785 1205 918 1269 prius
954 1216 1191 1269 expertus,
1227 1204 1460 1269 posterius
1485 1205 1740 1263 horrescat

183 1297 217 1320 ‘⁶
252 1307 339 1338 nec
363 1305 439 1336 me
462 1287 744 1351 degenerem
767 1283 996 1347 reperient
1010 1282 1115 1331 vitae
1133 1293 1356 1331 extrema.
1426 1281 1537 1332 Vixi
1557 1283 1740 1345 insonsj

184 1375 218 1398 ‘⁶
254 1369 380 1416 haud
403 1364 574 1413 moriar
595 1362 824 1429 ignobilis.
893 1362 1007 1409 Non
1038 1360 1392 1420 crudelitatem,²
1413 1377 1511 1409 non
1532 1361 1739 1415 clemen-s

185 1454 219 1477 ‘⁶
256 1447 365 1495 tiam
387 1446 663 1510 cujusquam
685 1439 914 1504 experiar,
937 1438 1019 1487 sed
1042 1437 1159 1486 liber
1181 1449 1228 1486 et
1249 1438 1362 1486 mihi
1394 1437 1480 1503 ipsi
1512 1441 1740 1506 probatus

165 1532 220 1560 -“
254 1523 437 1574 anteibo
460 1520 735 1586 periculum.
806 1520 904 1566 Vos
926 1518 1149 1577 obtestor,
1184 1533 1244 1565 ne
1281 1517 1556 1579 memoriam
1590 1518 1739 1571 nostri

184 1610 219 1661 ⁶⁶
254 1620 338 1669 per
359 1616 614 1649 moerorem
638 1597 782 1662 quam
799 1596 891 1645 laeti
913 1595 1158 1654 retineatis,
1175 1595 1429 1661 adjiciendo
1451 1612 1528 1644 me
1548 1593 1739 1663 quoque

186 1688 221 1710 ‘⁶
256 1681 325 1741 iis,
349 1679 429 1745 qui
452 1680 544 1726 fine
568 1677 757 1743 egregio
780 1675 965 1740 publica
987 1675 1108 1723 mala
1129 1673 1445 1740 effugerunt.''

255 1842 336 1889 47.
372 1837 530 1883 TUNC
556 1833 793 1901 singulos,
804 1843 856 1880 ut
894 1832 1063 1898 cuique
1095 1831 1331 1890 adsistere,
1351 1829 1540 1895 adloqui
1561 1829 1746 1882 animus

113 1951 115 1953 -
155 1968 157 1971 ,
186 1926 306 1974 erat,
328 1913 529 1962 retinens
565 1923 644 1959 aut
680 1910 929 1970 dimittens,
960 1921 1139 1975 partem
1161 1908 1251 1957 diei
1283 1908 1534 1968 absumsit3
1571 1907 1743 1959 multo*

191 2010 284 2059 que
314 1991 468 2040 adhuc
503 2001 630 2038 coetu
667 2001 713 2037 et
753 1989 929 2038 cunctis
967 1989 1249 2054 intrepidum
1278 1986 1462 2035 vultum
1492 1988 1590 2052 ejus
1611 1991 1743 2051 spec-

190 2069 410 2136 tantibus,
432 2068 548 2117 eflm
565 2085 802 2131 superesse
817 2078 999 2132 ternpus
1021 2066 1278 2115 novissimis
1295 2066 1554 2124 crederent,
1567 2064 1745 2130 gladio,-

172 2204 182 2209 ..
190 2165 332 2215 quem
355 2147 457 2218 sinu
480 2146 733 2204 abdiderat,
755 2146 977 2194 incubuit.
1046 2146 1216 2210 Neque
1235 2145 1395 2193 Caesar
1415 2142 1522 2191 ullis
1543 2141 1747 2196 crimini·-

190 2227 295 2284 bus,
330 2237 408 2273 aut
431 2224 612 2288 probris
635 2222 909 2272 defunctum
930 2224 1175 2272 insectatus
1198 2233 1283 2281 est,
1313 2221 1428 2270 cum
1463 2220 1512 2269 in
1535 2220 1768 2270 Blaesmoe

191 2304 338 2352 multa
360 2302 579 2367 foedaque
602 2301 912 2350 incusavisset.

1655 2406 1659 2411 .
1714 2393 1749 2418 γη

258 2465 340 2506 48.
378 2459 653 2505 RELATUM
670 2457 777 2504 inde
791 2457 850 2504 de
865 2457 919 2505 P.
936 2454 1140 2514 Vitellio,
1155 2466 1201 2503 et
1218 2453 1477 2518 Pomponio
1500 2451 1749 2512 Secundo-⁸-

190 2535 325 2585 illum
364 2535 536 2582 indices
571 2536 844 2599 arguebant,
882 2538 915 2561 ⁶⁶
941 2533 1139 2581 claustra
1173 2531 1338 2591 aerarii,
1378 2531 1452 2579 cui
1495 2529 1755 2595 praefectua·

192 2619 228 2643 “
264 2625 377 2672 erat,
401 2624 446 2660 et
464 2612 708 2661 militarem
730 2611 974 2675 pecuniam
998 2612 1138 2659 rebus
1158 2609 1290 2658 novis
1311 2608 1531 2658 obtulisse
1547 2610 1598 2657 :’'
1633 2607 1744 2657 huic

192 2691 222 2739 a
241 2690 481 2760 Considio,
538 2688 743 2754 praetura
795 2687 976 2748 functO,
1029 2690 1343 2755 objectabatur
1386 2692 1421 2715 ⁶⁶
1444 2686 1557 2736 AElii
1614 2683 1755 2737 Galli

193 2774 228 2801 ‘⁶
262 2768 473 2829 amicitia,
509 2768 606 2832 qui,
645 2767 806 2831 punito
842 2770 1026 2833 Sejano,
1064 2767 1112 2815 in
1147 2767 1308 2814 hortos
1329 2763 1591 2829 Pomponii,
1613 2760 1745 2834 quani

249 2910 584 2964 'Intege1·rimu8.
654 2911 774 2952 Periit
803 2925 938 2950 nomen
971 2914 980 2932 “
1007 2913 1108 2951 notis
1126 2912 1318 2951 illustrata
1344 2910 1430 2949 vide
1449 2907 1595 2960 Aunal·
1607 2919 1648 2948 v.
1665 2902 1694 2946 6
1707 2875 1750 2944 eat»

193 2967 265 3004 viri
283 2966 531 3017 integerrimi.
1006 2981 1083 3018 seq.

247 3019 267 3037 ²
294 3021 388 3059 Non
440 3020 713 3062 crudelitatem.
798 3022 936 3060 Cetera

213 3184 252 3236 32}
