1768 3236
422 172 698 213 DIALOGUS
729 173 803 211 DE
832 171 1193 213 ORATORIBUS.
1499 180 1575 223 147

43 278 106 328 ad
135 274 441 341 eloquentiam
475 272 653 320 virilem
675 283 720 319 et
741 273 1001 333 oratoriam,
1036 275 1130 338 qua
1164 293 1324 341 parare
1361 277 1496 329 simul
1530 293 1575 330 et

45 356 163 405 tueri
207 352 437 409 amicitias,
483 350 732 397 adsciscere
769 350 989 410 nationes,
1036 354 1279 416 complecti
1322 356 1577 418 provincias

43 428 202 498 possit,
235 430 395 478 amittit
433 427 667 484 studium,¹
703 443 796 490 quo
834 444 930 475 non
965 428 1087 475 aliud
1122 430 1170 476 in
1206 431 1381 479 civitate
1416 434 1574 483 nostra

44 511 119 558 vel
141 510 199 556 ad
222 507 456 555 utilitatem
478 504 774 562 fructuosiuffi
803 505 876 551 vel
898 506 956 552 ad
979 506 1244 571 dignitatem
1267 510 1476 571 amplius,
1498 501 1574 559 vel
1609 569 1615 574 ⁴

43 587 102 635 ad
120 585 263 634 Urbis
284 583 453 633 famam
477 582 732 646 pulchrius,
744 582 816 629 vel
839 583 897 629 ad
919 583 1056 631 totius
1077 584 1253 648 imperii
1275 597 1412 649 atque
1429 587 1575 634 omni-

43 680 126 712 um
159 661 366 727 gentium
386 659 590 706 notitiam
611 659 829 706 illustrius
864 660 1112 725 excogitari
1146 674 1306 724 potest.
1375 664 1500 710 Nam
1536 663 1574 711 si

44 741 104 789 ad
140 739 376 787 utilitatem
398 737 501 784 vitae
524 735 674 782 omnia
712 735 896 782 consilia
930 735 1140 801 factaque
1162 751 1315 786 nostra
1338 740 1575 804 dirigenda

42 828 167 875 sunt,
201 815 312 881 quid
356 814 440 863 erit
478 813 634 871 tutiUS‚
682 812 824 876 quam
868 830 969 861 eam
1013 831 1229 863 exercere
1271 827 1433 875 artem,
1480 817 1575 881 qua

42 910 226 957 semper
263 903 462 942 armatus
497 888 761 954 praesidium
799 890 969 949 amicis,
1004 909 1140 955 opem
1175 892 1347 952 alienis,
1380 894 1575 942 salutem

45 970 416 1036 periclitantibus,
449 967 611 1014 invidis
644 967 758 1015 verb
787 978 831 1015 et
860 967 1049 1015 inimicis
1083 981 1258 1017 metum
1280 982 1325 1018 et
1346 983 1574 1020 terrorem

46 1049 167 1097 ultro
189 1047 324 1105 feras,
358 1045 453 1109 ipse
475 1061 679 1109 securus,
713 1055 757 1091 et
779 1043 904 1104 velut
926 1044 1125 1109 quadam
1159 1047 1379 1111 perpetua
1413 1060 1575 1112 poten-

46 1125 108 1174 tia
124 1143 175 1173 ac
193 1134 412 1189 potestate
434 1122 669 1170 munitus?
703 1124 833 1187 cujus
855 1123 922 1170 vis
939 1134 984 1170 et
997 1123 1179 1183 utilitas,
1196 1127 1334 1173 rebus
1351 1126 1572 1191 prospere

46 1203 307 1260 fluentibus,
356 1200 551 1248 aliorum
599 1199 809 1264 praesidio
860 1211 905 1248 et
954 1200 1096 1249 tutela
1150 1202 1443 1267 intelligitur:
1502 1202 1574 1251 sin

43 1280 282 1345 proprium
324 1278 581 1342 periculum
623 1277 864 1340 increpuit,
914 1294 1010 1325 non
1053 1278 1241 1326 hercule
1286 1280 1442 1338 lorica,
1492 1291 1574 1328 aut

14 1372 17 1373 ’
45 1357 223 1423 gladius
244 1356 292 1403 in
313 1356 407 1414 acie
443 1354 619 1402 firmius
656 1354 1011 1413 munimentum,
1045 1354 1188 1419 quam
1223 1373 1304 1404 reo
1331 1368 1376 1404 et
1397 1357 1575 1421 pericli-

43 1433 156 1490 tanti
177 1433 450 1498 eloquentia,
474 1431 736 1496 praesidium
757 1431 892 1479 simul
915 1443 960 1479 et
982 1433 1144 1491 telum,
1167 1451 1260 1497 quo
1282 1450 1576 1499 propugnare

3 1568 6 1572 Ι
43 1511 229 1575 pariter,
262 1522 308 1559 et
341 1511 581 1568 incessere,
620 1510 694 1557 vel
733 1509 780 1556 in
811 1509 1020 1575 judiciO,²
1051 1510 1144 1558 sive
1181 1511 1230 1558 in
1264 1522 1441 1570 senatu,
1479 1506 1576 1559 sive

45 1589 168 1652 apud
189 1588 447 1651 Principem
470 1587 626 1651 possis.
697 1588 824 1650 Quid
846 1587 969 1635 aliud
990 1586 1160 1635 infestis
1191 1590 1394 1653 patribus
1425 1607 1577 1655 nuper

14 1727 23 1736 ἣ
45 1667 214 1730 Eprius
235 1666 516 1724 Marcellus‚³
539 1665 694 1730 ‘quam
729 1665 1034 1730 eloquentiam
1064 1683 1193 1714 suam
1216 1668 1460 1731 opposuit?
1494 1669 1575 1733 qui

46 1743 307 1792 accinctus*
341 1754 386 1791 et
407 1743 581 1801 minax,
615 1743 829 1791 disertam
863 1743 1069 1807 quidem,
1102 1744 1182 1791 sed
1214 1737 1574 1805 inexercitatam,

45 1832 92 1868 et
125 1821 348 1886 ejusmodi
377 1821 675 1868 certaminum
711 1821 876 1868 rudem
899 1820 1099 1882 Helvidii
1131 1821 1392 1885 sapientiam
1424 1822 1573 1872 elusit.

43 1897 185 1946 Plura
206 1898 263 1945 de
286 1897 473 1946 utilitate
494 1907 589 1944 non
606 1897 727 1956 dico,
745 1897 819 1945 cui
835 1897 951 1962 parti
973 1897 1160 1946 minim&
1183 1899 1575 1948 contradicturum

46 1975 314 2023 Maternum
336 1991 494 2022 meum
516 1974 723 2021 arbitrer.

114 2135 160 2178 6.
195 2132 279 2177 AD
319 2129 601 2193 voluptatem
640 2130 849 2178 oratoriae
889 2130 1160 2195 eloquentiae
1198 2141 1397 2190 transeo,-
1447 2133 1581 2196 cujus

42 2206 320 2272 jucunditas,
353 2222 449 2253 non
476 2223 569 2253 uno
591 2206 743 2270 aliquo
780 2220 1032 2266 momento,
1066 2209 1147 2255 sed
1186 2207 1398 2255 omnibus
1433 2225 1580 2272 prope

49 2283 225 2342 diebus,
280 2294 326 2330 et
369 2300 514 2347 prope
558 2284 771 2332 omnibus
809 2285 933 2332 horis
978 2285 1213 2349 contingit.
1284 2285 1411 2346 Quid
1455 2285 1581 2332 enim

48 2359 228 2408 dulcius
262 2359 406 2407 libero
430 2372 475 2408 et
497 2361 698 2426 ingenuo
729 2362 899 2420 animo,
933 2374 978 2410 et
999 2364 1058 2410 ad
1079 2363 1334 2425 voluptates
1368 2361 1582 2409 honestas

47 2447 174 2495 nato,
209 2436 350 2501 quam
384 2437 539 2485 videre
574 2437 757 2501 plenam
797 2455 978 2502 semper
999 2450 1044 2487 et
1066 2437 1355 2502 frequentem
1385 2438 1579 2486 domum

45 2529 177 2562 suam
200 2526 433 2562 'concursu
463 2515 934 2579 splendidissimorum
962 2515 1238 2564 hominum?
1270 2515 1410 2580 idque
1446 2516 1580 2574 scire,

102 2672 116 2691 ¹
136 2674 293 2712 Amittit
308 2676 483 2714 studium.
528 2675 571 2712 Id
591 2683 657 2720 est,
675 2677 784 2714 omit·
851 2678 949 2716 infra
966 2691 1052 2728 cap.
1072 2682 1109 2722 7.

3 2771 6 2776 Ι
49 2727 110 2767 tit.
163 2729 350 2766 Amittere
366 2743 434 2778 pro
449 2729 618 2766 omittere
635 2730 781 2768 dictum
906 2727 921 2749 ³
950 2732 1086 2781 Nuper
1108 2731 1247 2782 Eprius
1263 2730 1485 2770 Marcellus.
1538 2729 1586 2768 Id

5 2820 9 2823 ,
48 2793 332 2832 quoquesupra
343 2783 485 2820 Annal.
497 2794 546 2820 11.
559 2787 624 2826 71.
638 2791 676 2821 et
693 2796 782 2822 xxv,
853 2791 1046 2822 narratum
1065 2798 1181 2836 supra
1196 2785 1296 2822 Hist.
1315 2797 1373 2822 ιν.
1394 2781 1433 2821 6.

32 2884 36 2888 .
54 2832 120 2872 26-
905 2836 924 2857 ⁴
953 2838 1030 2882 Qui
1061 2839 1263 2876 accinctus.
1318 2837 1473 2883 Melius,
1514 2833 1587 2886 qud

103 2885 123 2903 ²
153 2886 223 2925 Vel
254 2887 293 2926 in
314 2889 478 2940 judicio.
532 2891 663 2940 Apud»
699 2903 784 2928 cen·
854 2891 1069 2929 accinctus:
1093 2898 1141 2929 ut
1154 2892 1313 2930 Ursinus
1331 2896 1369 2928 et
1386 2889 1588 2938 Acidalius

11 2994 14 3001 ,
49 2941 258 2988 tumvir033
287 2942 334 2981 de
362 2943 501 2995 quibus
523 2957 614 2983 mox
637 2944 786 2983 dicetur
851 2945 933 2994 jam
952 2944 1115 2983 voluere.
