1768 3236
590 158 595 166 ’
666 197 670 202 -
689 159 991 221 malcomi.
1542 187 1617 226 107

0 288 5 317 ''-
67 296 274 354 gressus,
297 285 476 351 ignotas
497 284 557 332 ad
582 283 630 333 id
659 297 844 350 tempus
873 296 1037 351 gentes
1057 284 1230 334 crebris
1253 284 1389 334 simul
1412 302 1467 335 ac
1488 304 1618 351 pros-

62 365 194 429 peris
243 363 421 428 praeliis.
453 362 662 410 domuit:
721 379 917 427 eamque
971 374 1152 427 partem
1195 363 1465 427 Britanniae,
1510 382 1616 429 quae

61 442 343 491 Hiberniam
376 441 550 505 aspicit,
585 440 727 504 copiis
759 441 992 500 instruxit,
1022 441 1072 488 in
1106 454 1238 505 spem
1260 441 1440 506 magis,¹
1473 443 1618 506 quam

69 518 134 579 ob
151 519 489 570 formidinem:
541 518 768 583 siquidem
802 506 1046 578 Hibernia,
1082 519 1236 567 medio
1279 518 1400 584 inter
1438 520 1618 567 Britan-

62 597 195 650 niam
217 609 354 661 atque
377 597 643 660 Hispaniam
666 598 766 658 sita,
790 610 835 645 et
867 597 1050 646 Gallico
1081 614 1270 662 quoque
1297 596 1413 644 mari
1447 614 1615 660 oppor-
1647 635 1653 639 .

68 669 200 733 tuna,
229 673 582 722 valentissimam
602 675 782 742 imperii
803 687 980 738 partem
999 678 1015 696 ²
1038 675 1216 740 magnis
1237 673 1435 722 invicem
1458 674 1617 722 usibus

62 751 318 799 miscuerit.
388 752 598 815 Span'um
625 755 740 817 ejus,
764 752 800 799 si
837 751 1086 800 Britanniae
1109 754 1420 815 comparetur,
1450 763 1617 816 angus·

68 829 178 888 tius,
211 826 355 878 nostri
390 830 554 878 maris3
589 830 760 888 insulas
794 841 993 894 superat.
1065 830 1229 878 Solum
1252 829 1538 892 coelumque,
1570 842 1616 876 et

69 906 254 972 ingenia
294 908 542 971 cultusque
586 908 834 955 hominum
878 908 1002 954 haud
1047 907 1255 954 multum
1299 906 1327 953 a
1378 906 1614 954 Britannia

34 984 318 1050 ..differuntz
377 985 547 1032 melius
591 985 740 1033 aditus
785 987 1071 1048 portusque⁴
1115 1001 1200 1047 per
1244 984 1524 1031 commercia
1567 998 1614 1031 et

67 1062 376 1126 negotiatores
410 1062 598 1127 cogniti.
666 1062 890 1127 Agricola
919 1062 1167 1125 expulsum
1191 1060 1614 1108 seditione-domes-

71 1139 161 1188 tica
177 1156 331 1193 ,unum
354 1158 415 1188 ex
437 1141 609 1206 regulis
633 1140 782 1205 gentis
805 1151 1067 1203 exceperat,
1090 1157 1142 1187 ac
1165 1139 1315 1202 specie
1337 1138 1544 1186 amicitiae
1566 1139 1615 1186 in

70 1217 356 1269 occasionem
390 1218 627 1267 retinebat.
697 1220 831 1281 Saepe
859 1235 918 1265 ex
950 1234 1006 1265 eo
1035 1216 1205 1274 audivi,
1236 1215 1417 1280 legione
1441 1215 1534 1263 uua
1568 1228 1613 1263 et

3 1334 10 1337 .
57 1294 264 1352 ,modicis
306 1295 485 1344 auxiliis
529 1295 749 1343 debellari
793 1296 1081 1359 obtinerique
1136 1293 1407 1341 Hiberniam
1462 1310 1610 1357 posse.

66 1371 215 1436 quue
235 1372 372 1419 etiam
405 1373 629 1421 adversus
663 1373 946 1420 Britanniam
980 1371 1298 1435 profuturum,
1322 1371 1358 1418 si
1397 1371 1612 1419 Romana

58 1449 240 1514 -ubique
260 1466 404 1509 arma,
427 1462 473 1498 et
497 1451 622 1498 velut
647 1451 673 1498 ὲ
687 1462 947 1518 Ἴςοῐιερεεςω
971 1451 1153 1498 libertas
1177 1449 1431 1497 tolleretur.

100 1640 111 1656 .
132 1613 210 1653 25.
245 1606 513 1655 CETERUM
538 1617 710 1664 aestate‚
735 1605 828 1670 qua
850 1618 1035 1659 sextum
1059 1605 1195 1654 officii
1218 1621 1391 1652 annum
1410 1607 1423 1632 ⁵
1446 1604 1606 1654 incho-

3 1689 9 1694 “
57 1683 184 1742 ¹abat,
205 1683 448 1746 amplexus
471 1684 671 1732 civitates
685 1682 702 1706 ⁶
725 1695 848 1737 trans
879 1684 1151 1732 Bodotriam
1173 1683 1295 1741 sitas,
1324 1682 1430 1746 quia
1454 1690 1607 1731 motus

64 1760 381 1808 universarum
405 1761 524 1809 ultra
546 1762 771 1826 gentium,
794 1772 839 1810 et
866 1760 1028 1808 infesta
1051 1760 1202 1808 hostili
1220 1761 1426 1807 exercitu
1449 1760 1610 1808 itinera

58 1837 360 1896 timebantur,
405 1850 566 1902 portus
603 1841 752 1888 -classe
778 1839 1080 1903 &exploravitz
1133 1846 1238 1903 quae
1277 1838 1335 1885 ab
1382 1838 1609 1902 Agricola

0 1957 10 1967 „
62 1914 272 1978 primum
310 1914 520 1964 adsumta
557 1917 606 1964 in
651 1930 829 1982 partem
875 1918 1059 1975 virium,
1100 1916 1378 1980 sequebatur
1417 1916 1606 1981 egregia

61 1991 230 2056 specie,
253 1993 367 2050 cnm
402 1994 538 2042 simul
572 1994 715 2054 terra,
749 1995 885 2045 simul
918 1996 1033 2043 mari
1057 1994 1236 2042 bellum
1271 1993 1605 2057 impelleretur,

116 2208 131 2226 ¹
161 2210 211 2248 In
236 2225 336 2262 spem
365 2212 496 2264 magis.
525 2213 570 2250 In
600 2226 704 2264 spem
737 2213 794 2251 fu-

64 2272 158 2302 turae
177 2265 366 2303 utilitatis.

115 2314 134 2333 ²
165 2318 202 2356 V
199 2320 462 2358 alenti-ssimum
475 2319 621 2370 imperii
632 2328 793 2371 partem.

63 2371 264 2416 Hibernia,
290 2373 416 2410 medio
433 2374 530 2412 inter
555 2375 790 2413 Britanniam

61 2434 179 2474 atque
205 2427 432 2476 Hispaniam
456 2427 542 2472 siti,
568 2436 605 2466 et
636 2429 793 2468 Gallico

60 2493 218 2530 quoque
236 2481 329 2524 mari
345 2491 575 2531 opportuna,
590 2483 794 2521 valentissi—

59 2546 162 2571 mam
191 2535 340 2584 impcrii
374 2543 534 2584 partem,
567 2537 791 2586 Hispaniam

58 2587 207 2625 scilicet
245 2587 415 2625 Galliam
457 2597 498 2627 et
541 2590 790 2636 Britanniam,

59 2641 206 2691 magnis
236 2642 399 2679 invicem
429 2643 560 2681 usibus
589 2657 655 2694 per
689 2658 793 2683 com-

56 2695 199 2732 mercia
214 2696 431 2745 conjunxit.
461 2696 547 2734 Hac
565 2708 689 2744 aetate,
712 2698 792 2749 quii

58 2749 168 2786 rudis
196 2749 326 2787 adhuc
347 2758 427 2786 erat
455 2763 514 2787 ars
543 2753 713 2795 nautica,
745 2752 790 2789 iis

57 2803 296 2842 commerciis
340 2804 663 2854 opportunissima
711 2814 791 2843 (iat

0 2865 3 2870 ·
51 2851 258 2895 Hibunia.
297 2857 500 2907 Hodieque
521 2859 678 2897 llibtrni
704 2861 791 2911 plu-

53 2910 141 2953 rimi
161 2911 200 2948 iu
220 2910 409 2961 Hispania
430 2924 477 2948 ac
498 2914 692 2964 praecipne
710 2914 790 2953 Ga·-

53 2961 178 3012 dibus,
196 2963 335 3011 Cacliz,
343 2965 600 3016 negotiantur.

924 2210 940 2233 ²
981 2213 1123 2251 Nostri
1156 2212 1284 2251 maris.
1330 2211 1604 2250 Mediterranei

870 2268 983 2305 maris
1003 2267 1160 2304 insulas.

922 2323 939 2341 ⁴
968 2321 1111 2359 Melicis
1127 2320 1253 2358 adit-us
1265 2325 1480 2370 portusque.
1510 2321 1610 2358 Adi-

869 2381 931 2412 tus
949 2385 1157 2427 portusque
1184 2374 1379 2411 Hiberniae
1406 2386 1473 2424 pet·
1501 2387 1605 2412 com-

868 2430 1011 2467 merci-t
1024 2438 1062 2466 et
1090 2428 1338 2478 negotiatores
1359 2428 1445 2465 meli
1453 2428 1496 2466 us
1515 2440 1605 2468 sunt

867 2483 1024 2533 cogniti.
1062 2482 1247 2520 Interiora
1268 2482 1360 2520 vero
1378 2482 1510 2519 insulae
1527 2483 1604 2523 fere

866 2537 1008 2587 i.gnota
1082 2568 1085 2570 .

922 2588 934 2610 ⁵
966 2590 1116 2628 Seoetum
1137 2588 1248 2636 officii
1264 2601 1409 2628 annum.
1438 2591 1489 2628 A.
1499 2590 1549 2628 U.
1557 2591 1605 2630 G.

868 2643 961 2683 836.
990 2644 1028 2682 J.
1046 2644 1093 2681 C.
1114 2647 1178 2682 83.

921 2694 938 2715 ⁶
957 2698 1160 2747 Amplexus
1174 2697 1362 2736 civitates.
1384 2696 1602 2748 Amplexus

868 2751 1082 2790 Orientales
1099 2751 1395 2789 Caledoniorum
1419 2751 1603 2795 civit-itm,

867 2806 935 2842 ubi
964 2813 1065 2843 nunc
1097 2805 1307 2855 provinciae
1337 2805 1435 2855 fise,
1467 2805 1601 2850 Per-th,

867 2859 1086 2904 Struthem,
1121 2860 1268 2909 Augu-s,
1295 2858 1442 2902 Menas,
1471 2858 1602 2903 Mart,

867 2927 997 2950 earum
1043 2919 1175 2963 portus
1216 2912 1337 2956 classe.
1376 2912 1604 2961 exploravit.

869 2967 970 3019 Vide
990 2978 1067 3004 not.
1085 2975 1123 3004 et
1139 2967 1287 3003 emend.
1306 2966 1356 3004 ad
1374 2978 1461 3015 cap.
1481 2969 1547 3005 25.
