1768 3236
101 216 103 219 .
174 162 254 212 568
574 171 741 212 NOTAE
772 171 842 211 ET
869 169 1314 226 EMENDATIONES

237 272 375 316 Tanto
407 275 646 332 gratioszor.
689 275 772 318 Ita
802 276 906 319 MS.
926 275 1062 320 Vatic.
1101 282 1224 320 1518.
1255 283 1298 319 et
1326 263 1571 320 recentiores
1601 274 1720 321 editi-

176 363 292 391 ones.
351 347 402 390 In
436 349 575 394 MSS.
601 350 737 393 Vatic.
766 352 883 400 2964
916 359 958 393 et
981 357 1111 401 4498.
1138 351 1426 409 veteribusque
1457 350 1719 406 editionibus,

174 423 488 482 tantogratior.
1630 447 1667 466 ,,
1664 440 1698 461 2„

237 572 361 615 CAP.
382 577 453 615 21.
488 569 577 616 Nec
609 572 906 630 implacabiles.
967 572 1077 616 Cum
1106 574 1214 630 apud
1236 573 1468 616 Germanos
1495 571 1720 618 homicidis

179 647 359 704 primum
381 656 659 690 armentorum
679 663 961 704 pecorumque
980 663 1167 701 numero,
1188 664 1236 691 ac
1250 648 1394 690 deinde
1409 648 1720 705 augescentibus

182 723 348 779 opibuS,
370 723 546 779 pecunia
573 723 794 775 luerentur,
815 721 871 765 'ne
898 730 1033 765 tamen
1063 739 1227 765 reorum
1259 731 1504 779 paupertate
1532 722 1725 780 glisceret

179 797 370 849 audacia,
410 798 513 840 bene
550 797 800 850 consultum,
833 806 879 840 ut
913 797 1134 840 satisfactio
1168 797 1209 839 in
1245 797 1518 841 interfectoris
1549 798 1721 842 domum

181 872 384 914 transiret.
444 872 609 920 Quibus
627 881 764 915 autern
785 871 928 915 ritibus
946 872 987 915 id
1014 881 1286 929 perageretur,
1307 873 1430 915 docet
1460 872 1550 916 Lex
1571 871 1722 926 Salios,

182 946 273 990 Tit.
291 961 394 989 Lxx.
422 951 447 972 “
461 948 512 989 de
532 946 671 990 Chren
690 948 833 990 crude:
861 948 903 989 id
923 956 997 1000 est,
1017 949 1068 990 de
1089 947 1259 990 vacuo.''
1318 946 1424 1003 Leg.
1450 954 1486 991 1.
1517 951 1544 972 “
1566 946 1722 1004 Siquis

182 1021 395 1064 hominem
415 1022 623 1075 occiderit,
653 1031 694 1065 et
723 1023 764 1065 in
795 1023 884 1065 tota
910 1022 1102 1065 facultate
1131 1038 1218 1064 non
1242 1021 1442 1075 habuerit,
1465 1023 1573 1065 unde
1591 1030 1722 1066 totum

176 1087 320 1152 {egem
339 1096 522 1153 impleat,
553 1097 771 1140 duodecim
793 1098 998 1155 juratores
1018 1097 1143 1150 dabit,
1174 1098 1284 1154 quod
1302 1113 1377 1140 nec
1397 1098 1541 1140 subtus
1560 1106 1723 1151 terram,

113 1183 115 1186 ’
178 1186 320 1228 neque
340 1187 462 1227 supra
492 1180 639 1215 terram
669 1172 762 1229 plus
782 1174 833 1215 de
857 1161 1052 1215 facultate
1082 1173 1242 1225 habeat,
1273 1170 1397 1228 quam
1428 1172 1606 1216 donavit.
1665 1171 1726 1216 Et

187 1244 331 1303 posteri
351 1246 506 1288 debet
496 1262 537 1288 ιιι
556 1262 692 1289 casam
723 1263 837 1289 suam
869 1247 1031 1298 intrare,
1066 1256 1119 1290 e?
1137 1248 1186 1289 de
1216 1255 1391 1303 quatuor
1421 1242 1578 1303 angulis
1603 1254 1725 1291 tem

187 1321 400 1378 pulverem
426 1321 468 1363 in
498 1337 640 1377 pugno
666 1322 873 1378 colligere,
903 1331 946 1365 et
971 1320 1117 1378 posted
1135 1322 1428 1378 in-duropello,
1458 1322 1505 1365 id
1525 1329 1596 1375 est,
1624 1336 1725 1366 023ae

187 1395 341 1448 limine,
363 1405 481 1450 stare,
501 1407 542 1438 et
562 1397 669 1439 intus
689 1412 825 1439 casam
846 1406 1030 1453 cuptare,
1050 1396 1096 1439 id
1123 1404 1195 1448 est,
1215 1397 1420 1455 respicere,
1449 1398 1585 1450 dehet,
1604 1395 1725 1440 etsie

186 1472 239 1514 de
258 1470 421 1514 sinistra
452 1487 575 1514 manu
609 1479 718 1514 trans
750 1488 844 1515 suas
875 1472 1062 1529 scapulas
1087 1471 1245 1529 jactare
1277 1487 1401 1528 super
1430 1471 1724 1528 proximiorem

185 1556 411 1602 parentem.
473 1547 598 1594 Quod
619 1547 651 1588 si
674 1547 762 1603 jam
784 1556 914 1603 pater,
935 1555 1005 1589 aut
1023 1555 1167 1598 mater,
1199 1562 1270 1588 seu
1290 1547 1414 1589 frater
1434 1562 1511 1603 pro
1530 1545 1623 1602 ipso
1641 1545 1726 1589 sol·

185 1630 344 1674 verunt,
375 1637 498 1678 super
517 1636 696 1663 sororem
718 1630 815 1663 tunc
835 1621 987 1674 matris,
1007 1630 1078 1664 aut
1096 1637 1219 1677 super
1236 1621 1323 1678 ejus
1342 1620 1452 1663 filios
1470 1621 1594 1663 debet
1610 1619 1725 1664 illam
1750 1672 1757 1676 ἢ

184 1704 334 1739 terram
346 1696 506 1753 jactare
523 1713 533 1739 ε
565 1695 678 1753 quod
705 1696 738 1738 si
768 1695 832 1739 isti
852 1712 934 1738 non
955 1698 1134 1750 fuerunt,
1153 1711 1276 1752 super
1297 1704 1379 1738 tres
1397 1697 1448 1738 de
1466 1695 1724 1752 generatione

183 1770 312 1827 patris
328 1779 369 1812 et
382 1771 534 1823 matris,
551 1770 621 1828 qui
634 1770 906 1827 proximiores
921 1779 1033 1813 sunt:
1048 1779 1090 1813 et
1105 1770 1299 1827 posteain
1314 1770 1484 1813 camisia
1492 1770 1724 1825 discinctus,

181 1844 463 1898 discalceatus,
497 1845 594 1901 palo
626 1844 668 1887 in
698 1861 822 1888 manu
853 1861 976 1901 supra
1005 1861 1148 1902 sepem
1174 1845 1306 1897 salire,
1337 1854 1383 1888 ut
1412 1861 1488 1903 pro
1507 1846 1724 1889 medietate

181 1927 381 1977 quantum
412 1935 488 1976 pro
507 1919 810 1976 compositione
828 1921 1009 1972 deberet,
1039 1928 1110 1962 aut
1135 1929 1333 1977 quantum
1362 1919 1428 1962 lex
1459 1920 1632 1972 addicat,
1653 1916 1723 1963 'illi

181 2003 268 2038 tres
285 1994 442 2037 solvant
462 1995 512 2036 de
530 1994 715 2037 materna
735 1993 995 2050 generatione
1012 2011 1023 2036 t
1053 1994 1134 2037 hoc
1155 2003 1196 2037 et
1212 1993 1270 2037 illi
1289 1993 1370 2047 alii,
1389 1994 1459 2052 qui
1478 1995 1529 2037 de
1550 1994 1723 2050 paterni

182 2069 442 2124 generatione
478 2069 658 2120 veniunt,
691 2070 827 2110 facere
862 2068 1056 2111 debent.”
1115 2068 1231 2125 Lege
1262 2079 1398 2111 autem
1428 2074 1474 2111 2:
1501 2074 1529 2094 “
1551 2068 1597 2112 Si
1626 2067 1723 2112 verb

181 2143 328 2200 aliquis
346 2159 395 2186 ex
413 2143 494 2186 illis
513 2143 733 2200 pauperior
753 2143 891 2195 fuerit,
916 2153 958 2186 et
982 2159 1065 2186 non
1095 2144 1218 2186 habet
1250 2145 1355 2186 unde
1375 2142 1505 2186 solvat
1523 2143 1723 2198 debitum,

182 2218 432 2276 quicumque
451 2220 502 2260 de
522 2217 600 2260 illis
621 2218 715 2274 plus
736 2218 816 2260 alio
835 2219 962 2260 habet
986 2218 1183 2270 exsolvat,
1204 2228 1245 2260 et
1274 2218 1422 2260 iterum
1454 2232 1577 2274 super
1603 2216 1723 2262 illum

183 2292 350 2336 Chrene
368 2293 536 2346 clu-uda,
567 2292 636 2334 ille
666 2292 735 2350 qui
756 2302 817 2335 est
846 2293 1068 2349 pauperior
1089 2293 1235 2349 jactet,
1266 2301 1312 2335 ut
1341 2291 1410 2334 ille
1430 2300 1558 2335 totam
1575 2291 1722 2348 legem

181 2366 327 2409 solvat.
387 2367 514 2415 Quod
534 2367 567 2408 si
589 2367 655 2408 hic
685 2367 809 2409 etiam
839 2382 920 2409 non
950 2367 1088 2418 habet,
1119 2376 1165 2409 ut
1194 2366 1328 2422 legem
1359 2365 1501 2418 solvat,
1521 2375 1565 2408 et
1593 2374 1722 2409 totam

180 2441 315 2497 legem
335 2449 576 2497 componat,
595 2451 692 2483 tunc
711 2440 841 2493 illum,
861 2441 932 2498 qui
951 2441 1216 2485 homicidium
1239 2442 1352 2491 fecit,
1385 2440 1504 2493 tollit,
1533 2439 1605 2496 qui
1625 2453 1721 2483 eum

179 2516 223 2558 in
247 2515 331 2558 fide
347 2516 422 2558 sua
443 2517 579 2568 habet,
609 2524 651 2557 et
680 2531 754 2571 per
781 2524 957 2571 quatuor
986 2515 1146 2558 Mallos
1177 2525 1418 2571 praesentem
1450 2514 1596 2568 faciat3
1626 2513 1722 2557 etsi

179 2605 277 2632 eum
304 2606 379 2646 per
397 2589 742 2645 compositionem
772 2598 844 2632 aut
872 2590 998 2632 fidem
1018 2589 1154 2632 nullus
1175 2605 1342 2632 suorum
1364 2589 1515 2641 tut—rit,
1534 2589 1615 2631 hoc
1641 2595 1720 2642 est,

179 2680 275 2707 eum
294 2664 479 2716 redimat,
497 2673 569 2706 aut
588 2679 665 2720 pro
683 2679 737 2707 eo
754 2664 964 2720 persolvit,
995 2673 1092 2707 tunc
1113 2665 1163 2706 de
1182 2664 1267 2707 vitii
1287 2662 1539 2719 componit.’'
1564 2703 1569 2715 ,
1599 2661 1723 2706 lieet

183 2747 319 2781 autem
342 2738 383 2780 in
401 2738 480 2781 hac
500 2738 590 2794 lege
623 2738 762 2781 Cllren
791 2738 915 2781 crude
935 2738 1157 2795 plurimum
1177 2747 1284 2781 esset
1311 2737 1509 2790 utilitatis,
1538 2729 1722 2780 nonnihil

175 2798 320 2855 'tamen
348 2821 435 2854 erat
464 2812 564 2863 vitii,
603 2813 715 2870 quod
751 2813 1050 2855 homicidarum
1089 2814 1240 2864 furore,
1279 2822 1330 2855 et.
1358 2811 1459 2866 legis
1496 2810 1723 2865 severitate,

185 2885 329 2930 multae
346 2894 621 2929 everterentur
651 2886 829 2929 familiae.
891 2880 1011 2930 Unde
1033 2886 1166 2943 legem
1197 2886 1309 2929 illam
1342 2885 1486 2943 postea
1515 2884 1725 2940 abrogavit

188 2959 474 3004 childebertus
503 2976 590 3015 rex,
612 2960 783 3004 Decret.
816 2961 920 3019 Leg.
949 2968 1011 3005 15.
1042 2965 1068 2986 “
1088 2961 1139 3003 de
1167 2960 1456 3003 Chrenecrudai
1487 2958 1567 3013 lex,
1597 2972 1721 3016 quam
