1768 3236
357 185 437 229 AD
466 183 774 228 DIALOGUM
803 185 879 225 DE
905 183 1269 227 ORATORIBUS.
1505 185 1587 231 §21
1622 152 1625 153 ⁷

107 291 349 336 forensium
369 304 599 333 causarum.
660 288 725 330 Im
759 283 896 340 MSS.
911 286 1060 337 vatic.
1103 286 1174 330 Sic
1206 303 1372 345 quoque
1399 287 1590 344 placebat

51 366 217 411 Schelio
238 375 280 409 et
302 365 494 408 Ernesto.
556 361 674 406 Male
695 361 791 405 libri
811 361 922 413 editi,
940 360 1176 419 forensium
1194 376 1417 405 musarum.

110 513 231 557 CAP.
252 519 294 557 5.
325 510 510 555 Modesti
516 511 692 570 judices·
753 510 856 554 MS.
871 509 1009 553 Vatic.
1034 510 1157 555 1862.
1178 509 1379 553 moderati
1384 510 1562 568 judices.

55 613 63 620 ·
114 587 169 631 Se
202 593 404 630 excusent.
467 585 519 629 Se
553 587 670 627 abest
704 583 731 626 εὶ
763 583 879 626 libris
908 584 1037 627 editis.
1096 583 1149 626 lu
1186 584 1365 627 editione
1402 584 1593 641 princip·

57 661 228 718 antiqu&
248 676 371 703 manu
393 660 501 703 recte
523 659 706 702 additum
726 658 872 714 reperi.

55 752 61 755 ·
117 734 273 778 Grati&
287 729 526 793 praev‘alere.
585 732 649 775 lta
668 732 865 775 editiones
897 741 1051 776 veteres
1071 741 1123 776 'et
1154 732 1412 776 recentiores.
1471 732 1592 778 Male

117 883 212 940 Ego
232 883 336 925 enim
349 905 363 920 ο
376 881 823 924 ·arbitrum...inveni·
837 881 1047 923 ·societate
1060 880 1259 937 plurium.
1305 879 1467 923 Locum
1485 881 1594 925 hunc

57 958 218 1014 optime
241 957 415 999 restituit
436 957 491 1000 P.
513 955 714 998 Pithoeus.
775 955 982 1011 Corrupte
1015 954 1057 997 in
1090 954 1294 997 veteribus
1329 955 1594 1008 editionibus,

3 1051 6 1060 ·
56 1038 102 1074 et
143 1046 216 1089 ego
253 1031 360 1074 euim
389 1055 401 1066 ·
416 1054 428 1067 ο
445 1053 457 1065 ·
472 1053 487 1067 ·
512 1030 735 1072 arbitrium
756 1053 769 1064 ·
784 1053 797 1064 ·
812 1053 824 1063 ·
840 1052 854 1065 ο
870 1029 1048 1071 inveniri
1070 1053 1081 1064 ·
1099 1053 1109 1064 ·
1126 1053 1139 1064 ·
1155 1053 1167 1064 ·
1186 1028 1340 1071 solicite
1367 1028 1595 1085 plurimum

56 1106 239 1164 defendi.
300 1105 417 1148 Bene
438 1105 539 1147 MS.
562 1105 725 1147 Fames.
746 1105 936 1146 societate
950 1104 1150 1161 plurium.
1208 1103 1396 1159 Antiquft
1429 1119 1594 1160 quoque

60 1197 184 1225 manu
204 1181 246 1224 in
265 1180 443 1223 editione
465 1179 651 1235 principe
668 1179 945 1229 emendatum,
964 1178 1115 1220 imerii.

121 1254 205 1297 Sed
223 1263 261 1297 et
282 1254 426 1311 ipsum.
485 1253 639 1296 Mallet
659 1252 865 1305 Muretus,
894 1251 964 1294 sed
996 1251 1142 1308 ipsum.
1202 1251 1437 1304 Rhenanus,
1464 1252 1535 1295 sed
1549 1251 1597 1295 id

62 1314 233 1384 ipsum.

54 1450 58 1458 Ι
123 1401 254 1457 Apud
270 1415 353 1444 vos.
412 1400 529 1443 Bene
552 1400 718 1457 Lipsius
738 1410 780 1442 et
801 1398 1095 1443 Ernestus.1u
1115 1399 1315 1441 veteribus
1335 1399 1595 1452 editionibus,

65 1475 180 1533 apud
197 1490 274 1517 eos.

51 1563 57 1566 ·
124 1549 289 1593 Parare
306 1547 440 1591 simul.
477 1500 639 1591 ‘MSS
658 1547 792 1590 Vatic.
808 1561 970 1604 parere.

61 1651 67 1654 -
124 1624 358 1668 Adsciscere
377 1622 571 1665 nationes.
629 1620 696 1663 Ita
710 1621 807 1663 libri
824 1637 967 1663 omnes
987 1621 1099 1664 editi.
1130 1621 1181 1663 In
1196 1620 1298 1664 MS.
1312 1621 1447 1665 Vatie.
1471 1623 1595 1666 1862.

64 1699 326 1741 necessitates.
387 1695 525 1739 MSS.
545 1695 681 1738 Vatic.
707 1701 814 1738 1518
835 1704 874 1737 et
893 1700 1019 1743 4498.
1049 1696 1366 1739 necessitudines.

64 1798 70 1804 -
127 1771 338 1828 Factaque
357 1777 529 1816 nostra.<
570 1769 685 1811 Bene
709 1769 876 1825 Lipsius
894 1778 936 1812 et
957 1770 1153 1812 Ernestus
1173 1770 1195 1811 ὲ
1219 1769 1337 1811 libro·
1358 1770 1485 1812 Rom.
1545 1768 1597 1811 In

66 1846 269 1889 veteribus
289 1843 545 1903 editionibus,
561 1843 689 1901 facta
711 1851 866 1886 nostra.
926 1843 1061 1886 MSS.
1083 1843 1218 1886 Vatic.
1257 1850 1364 1887 1518
1394 1854 1437 1886 et
1468 1850 1596 1893 4498.

53 1918 262 1978 factaque
276 1932 354 1973 per
372 1923 526 1958 nostra.

133 1991 248 2037 Quid
279 1991 357 2033 erit
390 1990 531 2032 tutius.
589 1988 655 2031 Ita
690 1988 945 2032 Puteolanus
983 1999 1026 2033 et
1057 1990 1316 2033 recentiores.
1375 1989 1427 2032 In
1462 1990 1601 2033 MSS.

68 2065 204 2108 Vatic.
235 2065 336 2122 quid
353 2071 425 2107 est.
484 2063 624 2106 Editio
656 2063 861 2120 princep8‚
902 2064 1003 2121 quid
1034 2065 1153 2107 em'm.
1211 2064 1426 2107 Acidalius
1458 2065 1599 2109 mallet

68 2139 228 2183 utilius.
945 2173 947 2175 .

134 2212 254 2255 Ultro
259 2211 396 2271 feras.
456 2211 595 2255 MSS.
614 2211 751 2254 Vatic.
771 2219 812 2253 et
830 2211 1026 2253 editiones
1044 2221 1214 2263 veteres,
1229 2210 1368 2269 ferat.

131 2286 333 2343 Prospere
349 2286 594 2343 fluentibus.
655 2285 721 2328 Ita
755 2284 893 2327 MSS.
911 2285 1049 2327 Vatic.
1081 2285 1202 2327 Male
1217 2295 1371 2328 veteres
1389 2287 1598 2344 editiones,

63 2375 195 2419 prope
196 2359 444 2415 fluentzbus
506 2358 659 2402 Postea
679 2359 953 2410 emendatum,
978 2358 1119 2414 probb.

67 2465 71 2469 ‚
130 2435 324 2478 Aliorum
338 2433 543 2490 praesidio.
603 2433 709 2475 MS.
728 2433 864 2475 Vatic.
890 2433 1012 2475 1862.
1038 2432 1248 2490 prcfitgio.
1307 2433 1444 2477 MSS.
1464 2434 1599 2481 vatic.

64 2514 187 2577 ‚2518
208 2518 250 2550 et
268 2514 394 2555 4498.
419 2507 630 2565 perfugio.

70 2613 72 2616 -
132 2580 374 2624 Periculum
393 2581 609 2636 increpuit.
669 2567 719 2622 In
737 2580 939 2622 veteribus
957 2580 1214 2634 editionibus,
1238 2582 1467 2638 periculum
1500 2584 1602 2628 irre·

67 2661 165 2713 pat.
206 2654 320 2697 Bene
343 2655 509 2710 Lipsius
526 2655 562 2696 ὲ
570 2654 672 2696 MS.
695 2654 857 2695 Fames.
877 2654 1091 2710 increpuit.
1150 2654 1211 2697 Ut
1228 2657 1339 2712 apud
1359 2657 1602 2703 Ciceronem

73 2727 118 2771 in
139 2727 304 2770 Catilin.
329 2743 359 2771 1.
380 2734 421 2775 7.
485 2727 701 2784 Quidquid
733 2727 990 2784 increpuerit,
1025 2727 1254 2772 Catilinam
1287 2731 1446 2774 timeri:
1490 2733 1601 2789 apud

36 2798 44 2814 ¹
79 2800 258 2853 Livium,
288 2801 382 2843 inde
401 2801 436 2843 si
455 2801 558 2858 quid
575 2802 753 2856 increpet
774 2802 954 2844 terroris.

138 2874 306 2927 Lorico,
337 2882 410 2916 aut
425 2873 605 2931 gladius.
665 2873 838 2930 Optime
860 2875 1095 2920 Rhenanus.
1153 2874 1205 2921 In
1224 2875 1361 2920 MSS.
1390 2885 1432 2921 et
1460 2878 1606 2922 veteri-

79 2949 156 2991 bus
174 2947 436 3001 editionibus,
462 2947 597 2992 loricae
612 2946 792 3005 gladius.
