1768 3236
308 197 388 237 AD
418 195 518 236 LIB·
549 193 625 234 DE
654 192 902 234 MORIBUS
931 191 1359 233 GERMANORUM.
1520 191 1604 241 567

50 303 56 308 '
122 301 290 359 Leg.4.
318 304 349 328 “
367 299 498 349 Quod
534 298 568 341 si
600 313 675 340 nec
710 296 857 349 filium,
886 311 978 338 nec-
1003 295 1147 349 filiam,
1182 311 1258 338 nec
1296 310 1494 350 sororem,
1529 303 1605 340 aut

57 386 238 426 mtrem
257 375 408 420 dimisit
427 372 675 430 superstites,
696 371 921 428 proximus,
953 369 1024 427 qui
1043 370 1176 423 „fuerit
1206 373 1384 427 paternae
1406 370 1604 426 generati-

63 453 168 506 onie,
186 453 303 494 heres
322 467 371 493 ex
393 458 482 492 toto
500 448 706 500 succedat,
725 456 810 488 tam
829 445 871 488 in
889 443 1067 501 pecunia
1086 453 1209 502 atque
1226 439 1456 503 mancipiis,
1475 444 1603 503 quam

65 527 108 570 in
127 526 274 570 terra?
1585 530 1588 534 ’

90 628 98 639 2
119 600 226 656 Leg.
246 605 288 644 5.
318 603 348 625 “
367 598 438 642 Ad
465 611 767 655 quemcumque
786 594 987 637 hereditas
1011 601 1127 636 terrae
1146 594 1387 650 pervenerit,
1414 595 1465 636 ad
1483 593 1601 638 illum

59 675 185 719 vestis
213 673 374 726 bellica,
404 673 445 715 id
463 681 538 723 est,
568 671 711 722 lorica,
741 679 783 712 et
813 669 916 712 uitio
936 668 1126 726 proximi,
1144 676 1187 711 et
1215 668 1364 711 solutio
1381 668 1512 712 leudis
1531 668 1604 722 (id

60 757 135 804 est,
156 749 468 807 compositionis,
485 763 552 789 seu
579 745 823 803 Weregildi)
843 746 965 786 debet
983 742 1225 804 pertinere?

121 825 226 881 Leg.
266 826 308 868 6.
357 828 385 848 “
408 822 546 864 Mater
583 820 761 864 moriens
798 819 885 861 filio
925 828 1088 870 terram,
1125 817 1344 874 mancipia,
1380 818 1601 874 pecuniam

61 900 253 952 dimittat,
272 898 367 941 filiae
386 898 483 939 vero
499 896 632 953 spolia
645 894 758 947 colli,
777 893 817 935 id
833 902 910 946 est,
926 909 1128 944 murenas,
1143 907 1288 934 nuscas
1299 892 1601 947 (seufibulas),

61 973 245 1026 monilia,
274 974 450 1023 inaures,
480 979 624 1023 vestes,
654 967 848 1021 armillas,
878 968 944 1010 vel
973 967 1171 1025 quidquid
1190 966 1414 1009 ornamenti
1442 967 1600 1024 proprii

59 1047 273 1092 videbatur
290 1044 521 1090 habuisse.''

121 1122 227 1178 Leg.
247 1128 288 1169 7.
318 1124 346 1146 “
367 1120 415 1163 Si
433 1135 508 1165 nec
527 1118 675 1171 filium,
693 1133 768 1160 nec
788 1117 914 1160 filiam
933 1116 1137 1170 habuerit,
1157 1132 1341 1159 sororem
1360 1116 1456 1159 vero
1469 1115 1600 1160 habu-

51 1196 151 1250 ·erit,
180 1195 310 1239 sorori
340 1194 556 1252 pecuniam
586 1201 630 1235 et
657 1192 876 1249 mancipia,
906 1193 1098 1249 proximo
1128 1192 1224 1234 vero
1253 1188 1411 1248 paterni
1438 1191 1596 1247 generis

6 1256 12 1259 ‘
59 1278 208 1314 terram
228 1268 466 1327 relinquat.'’

119 1344 224 1401 Leg.
256 1350 296 1387 8.
327 1348 355 1370 “
376 1342 521 1400 Usque
553 1344 604 1386 ad
638 1342 822 1404 quintam
856 1341 1160 1399 generationem
1191 1348 1359 1396 paterna
1389 1341 1598 1396 generatio

59 1420 265 1462 succedat.
325 1418 432 1461 Post
459 1417 643 1474 quintam
672 1427 809 1458 autem
838 1416 926 1459 filia
953 1432 1004 1459 ex
1034 1424 1139 1465 toto,
1166 1415 1250 1458 sive
1281 1416 1332 1456 de
1358 1415 1486 1471 patris
1514 1415 1598 1458 sive

59 1493 201 1536 matris
219 1500 349 1550 parte,
370 1492 411 1534 in
428 1491 694 1534 hereditatem
715 1492 924 1542 succedat,
943 1500 986 1533 et
1015 1500 1112 1533 tunc
1132 1491 1300 1532 demum
1326 1490 1526 1532 hereditas
1546 1490 1599 1532 ad

59 1569 198 1611 fusum
216 1567 242 1610 ὲ
261 1568 405 1613 lancea
423 1566 640 1610 transeat.''

20 1698 28 1701 ῃ
117 1643 310 1685 Veterem
331 1643 633 1685 Germanorum
666 1657 785 1684 usum
812 1649 1018 1684 mutavere
1051 1639 1382 1696 BurgundioneS,
1411 1647 1466 1682 ut·
1483 1647 1599 1696 patet

2 1753 8 1758 .
59 1733 110 1760 ex
132 1732 276 1759 eorum
299 1717 426 1771 Lege,
452 1716 540 1759 Tit.
562 1714 715 1758 XIV.'“
736 1717 787 1758 de
808 1715 1188 1758 Successionibus.''
1238 1714 1343 1769 Leg.
1370 1720 1406 1757 1.
1435 1717 1464 1739 “
1483 1713 1599 1756 Inter

59 1790 375 1847 Burgundiones
395 1790 437 1833 id
457 1789 646 1832 volumus
664 1789 875 1842 custodiri,
894 1798 940 1832 ut
959 1790 993 1833 si
1013 1789 1104 1846 quis
1123 1788 1255 1831 filium
1275 1803 1359 1830 non
1374 1787 1598 1845 reliquerit,

57 1865 101 1908 in
131 1865 228 1908 loco
259 1864 334 1907 filii
362 1864 448 1906 filia
476 1863 518 1906 in
547 1863 674 1919 patris
706 1863 929 1920 matrisque
957 1864 1180 1905 hereditate
1209 1861 1439 1905 succedat.”
1499 1862 1545 1904 N
1548 1878 1597 1905 ec

56 1939 174 1982 aliter
187 1938 278 1982 Lex
295 1940 522 1991 Saxonum,
536 1937 622 1980 Tit.
640 1952 728 1979 vu.
750 1936 844 1980 “'de
860 1937 1140 2002 Heredibus.''
1154 1936 1261 1993 Leg.
1284 1944 1320 1978 1.
1341 1941 1367 1961 “
1382 1936 1507 1979 Pater
1525 1945 1599 1980 aut

58 2022 191 2056 mater
219 2013 402 2056 defuncti
434 2013 522 2055 filio
552 2028 634 2054 non
666 2011 762 2054 filiae
802 2011 1069 2055 hereditatem
1100 2011 1368 2068 relinquant.”
1426 2011 1532 2067 Leg.
1551 2017 1596 2054 4.

57 2092 86 2113 “
116 2087 203 2136 Qui
223 2089 438 2129 defunctus
457 2102 538 2129 non
558 2085 682 2138 filios,
702 2087 772 2128 sed
791 2085 897 2128 filias
915 2086 1137 2143 reliquerit,
1167 2087 1220 2128 ad
1244 2101 1313 2127 eas
1331 2085 1464 2127 omnis
1482 2078 1598 2128 h'ere-

57 2161 159 2205 ditas
179 2162 399 2218 pertineat;
419 2160 544 2203 tutela
563 2161 659 2203 vero
677 2162 818 2203 earum
836 2160 948 2219 fratri
967 2156 1030 2204 v*el
1050 2161 1243 2217 proximo
1262 2160 1422 2216 paterni
1439 2160 1596 2215 generis

57 2235 312 2292 deputetur.''

115 2310 236 2352 Nihil
255 2310 352 2352 vero
376 2310 520 2352 veteris
551 2309 676 2352 moris
706 2309 854 2352 mansit
884 2310 995 2370 apud
1015 2309 1284 2364 VVisigofflos,
1315 2309 1384 2367 qui
1414 2295 1594 2353 filiorum

55 2384 312 2441 filiarumque
337 2385 408 2441 jus
439 2400 658 2427 commune
690 2385 839 2426 fecere.
899 2383 969 2426 Sic
994 2384 1103 2426 enim
1130 2383 1222 2426 Lex
1255 2383 1595 2440 Wisigothorum,

55 2459 127 2502 lib,
150 2474 214 2502 lv.
246 2459 332 2501 Tit.
353 2466 395 2501 9..
426 2463 451 2484 “
483 2458 541 2500 Ut
571 2474 731 2501 sorores
761 2474 859 2500 cum
892 2459 1086 2500 fratribus
1116 2457 1326 2515 aequaliter
1353 2458 1394 2500 in
1423 2460 1595 2500 fratrum

56 2525 279 2576 hereditate
318 2533 576 2575 succedant.’'
635 2532 741 2588 Leg.
786 2539 823 2574 1.
867 2537 896 2557 “
918 2532 964 2579 Si
1003 2542 1118 2588 pater
1153 2532 1216 2574 vel
1253 2542 1381 2575 mater
1416 2532 1594 2588 intestati

56 2608 325 2660 discesserint,
340 2618 437 2650 amc
456 2622 615 2650 sorores
634 2623 730 2650 cum
749 2606 943 2651 fratribus
962 2606 1003 2649 iu
1018 2607 1130 2649 omni
1150 2616 1365 2663 parentum
1385 2607 1593 2659 facultate,

53 2684 208 2740 absque
245 2681 326 2724 alio
364 2682 546 2739 objectu,
586 2680 734 2738 aequali
778 2680 975 2724 divisione
1018 2681 1278 2724 succedant.”
1354 2680 1462 2724 Aliae
1499 2688 1594 2732 sunt

50 2755 238 2812 plurimae
254 2756 397 2798 eadem
419 2757 470 2798 de
489 2771 533 2798 re
553 2770 695 2798 eorum
714 2754 839 2810 leges.

110 2830 240 2886 Apud
259 2845 333 2872 nos
352 2830 463 2883 vero,
483 2829 524 2871 in
544 2828 770 2885 regnatrice
789 2830 929 2882 domo,
951 2829 1060 2886 viget
1078 2839 1121 2872 et
1148 2830 1192 2872 in
1209 2830 1456 2873 immensum
1471 2837 1590 2877 aucta

53 2903 143 2946 Lex
175 2903 324 2957 salica,
353 2903 564 2960 egregium
592 2903 754 2960 imperii
782 2904 919 2958 decus,
950 2912 992 2948 et
1021 2904 1248 2947 securitatis
1278 2904 1454 2961 publicae
1483 2914 1590 2948 tuta-

49 2987 247 3021 mentum.
