1768 3236
92 211 284 256 J,c,41.
363 244 367 247 ,
536 204 685 246 uum
713 203 861 244 Nom
888 202 1210 245 ANNALmM.
1559 209 1641 252 ³5!

92 310 354 383 percussori
387 308 583 361 obtulit:
616 309 817 375 planctu,
839 307 1093 374 mortisque
1132 307 1433 369 firmitudine,
1465 308 1505 358 si
1526 309 1639 375 quid

89 393 275 443 mulieri
303 389 607 447 credendum,
640 404 690 436 se
717 386 894 435 maritae
925 385 1218 442 immanitatis
1255 387 1638 453 objectorumque

89 471 338 523 criminum
357 469 588 519 insontem
610 483 708 515 esse
729 476 903 516 testata.
970 465 1084 532 Ejus
1107 465 1202 513 filia
1222 464 1382 529 parieti
1403 464 1532 514 illisa.
1561 461 1563 464 ⁴

157 631 205 673 9.
239 625 372 673 DUM
424 625 526 673 haec
575 623 889 687 patrabantur,
939 619 1146 668 nuntiata
1196 619 1401 684 patribus
1450 620 1633 669 Claudii

92 702 295 752 fortuna.
362 703 439 750 Ne
461 698 641 749 silentio
662 709 947 764 augesceret,
981 695 1226 745 confestim
1260 698 1472 763 legavere
1494 699 1637 745 Vera-

90 780 226 830 nium
257 791 305 828 et
333 778 636 837 Brocchum,‘
669 777 880 825 tribunos
917 775 1082 840 plebis,
1117 775 1197 839 qui
1236 775 1433 824 Claudio
1473 776 1634 834 suade-

91 860 233 916 rent,²
266 862 300 924 ‘f
323 868 377 906 ut
413 855 527 904 nihil
562 866 723 904 contra
765 853 955 902 senatus
991 852 1309 901 auctoritatem
1353 854 1635 902 adtentaretz

97 939 130 961 “
161 934 349 999 pristina
371 933 692 982 dominationis
715 932 852 990 mala,
886 948 993 995 quae
1014 930 1112 994 ipse
1135 941 1230 978 erat
1255 947 1380 994 saepe
1401 942 1637 994 expertus,

97 1017 131 1039 ‘⁶
162 1012 471 1073 meminisset3
505 1010 754 1074 malletque
776 1025 885 1056 cum
907 1008 1147 1056 securitate
1165 1025 1222 1056 -ac
1246 1008 1381 1056 laude
1403 1008 1451 1055 in
1472 1009 1641 1072 repub-

98 1074 130 1117 3‘
164 1089 253 1138 lica
273 1089 447 1148 vivere,
469 1087 614 1154 quam
636 1103 746 1135 cum
768 1087 996 1134 dedecore
1018 1096 1063 1132 et
1079 1085 1357 1134 imminentis
1379 1085 1459 1133 fati
1480 1085 1641 1133 formi-

100 1173 130 1194 “
164 1168 271 1216 dine
290 1167 518 1231 imperare
539 1166 674 1214 velle.
720 1163 1079 1228 Rempublicam
1101 1163 1271 1211 habere
1293 1163 1475 1222 milites,
1493 1180 1638 1222 arma,

99 1250 129 1274 “
162 1257 208 1293 et
246 1245 490 1292 innumera
527 1242 736 1302 servitia3
783 1242 1004 1306 quodque
1041 1241 1100 1288 ad
1137 1239 1442 1289 defensandos
1480 1241 1645 1305 patriae-

101 1327 130 1351 “
164 1322 381 1372 libertatis
401 1321 603 1370 vindices
626 1320 835 1378 validius,
869 1319 1090 1386 propitios
1129 1317 1231 1368 fore
1253 1320 1402 1378 DeOS‚
1437 1318 1639 1383 quOrum

102 1404 132 1427 ‘¹‘
163 1411 379 1449 est-recta
399 1400 683 1468 honestaque
706 1397 875 1445 tueri.”

169 1564 245 1604 10.
280 1557 479 1604 MmAx
514 1552 898 1619 praetorianorum
931 1563 1141 1618 aspectus
1163 1552 1339 1618 legatos
1360 1552 1637 1618 perterruit;

98 1634 303 1699 certique
340 1632 579 1681 inferiores
618 1649 716 1679 esse
756 1631 1019 1679 consulares
1058 1630 1228 1694 copias,
1270 1642 1419 1690 orant,
1456 1632 1641 1680 Claudii

97 1729 248 1778 genua
271 1710 507 1768 advoluti,3
532 1714 566 1736 ‘⁶
589 1725 648 1756 ne
665 1709 850 1756 Urbem
871 1708 996 1755 bello
1020 1719 1066 1754 et
1087 1707 1387 1757 internecioni
1409 1710 1636 1773 objectet:

100 1795 130 1816 ‘⁶
164 1790 202 1837 si
218 1788 464 1853 imperium
498 1785 714 1844 voluerit,
747 1797 899 1849 patres
937 1786 1087 1846 adeat,
1122 1803 1228 1850 quae
1263 1785 1505 1839 videantur
1539 1803 1641 1835 sua-

101 1872 131 1894 “
163 1868 298 1915 deat:
341 1863 598 1930 posthabita
643 1874 797 1910 autem
833 1880 1015 1927 semper
1053 1862 1230 1921 odiosa,
1269 1881 1393 1927 saepe
1428 1863 1640 1913 luctuosa

100 1950 131 1972 “
163 1944 419 2010 tyrannide,
454 1942 760 2007 principatum
794 1941 909 1990 laetis
943 1941 1152 2006 auspiciis
1175 1951 1221 1989 et
1242 1940 1411 1990 civium
1441 1943 1640 1990 benevo-

75 2015 81 2021 ’
101 2028 130 2052 “
163 2021 303 2071 lentizi
324 2021 490 2069 nixum
505 2018 783 2074 ,anteferat.'’
851 2021 953 2068 Jam
978 2019 1218 2078 Claudius,
1241 2019 1405 2067 mentis
1429 2030 1474 2066 et
1495 2018 1643 2071 consi-

98 2101 143 2149 lii
165 2092 337 2167 parsu'n
358 2099 539 2159 firmus,
571 2099 631 2146 ad
653 2098 860 2147 modesta
887 2096 1158 2158 divertebat,
1191 2097 1276 2146 uisi
1298 2096 1498 2147 militum
1518 2096 1639 2146 fero-

153 2299 166 2318 ¹
200 2299 400 2339 Veranium
429 2305 466 2337 et
493 2298 715 2338 Brocchum.
771 2299 832 2338 Ita
904 2301 1093 2350 ignotum.
1164 2297 1347 2336 Occurrit
1378 2297 1417 2348 iu
1451 2298 1641 2335 veteribus

97 2367 161 2392 eos
195 2354 365 2404 appellat
391 2353 546 2404 Joseph.
573 2353 706 2403 Antiq.
736 2354 759 2393 J
767 2355 831 2391 ud.
907 2353 1234 2403 Inscriptionibus,
1252 2350 1310 2390 uti
1330 2352 1458 2390 videre
1469 2352 1639 2402 estapud

97 2421 196 2446 xix.
213 2413 252 2446 3.
270 2421 309 2446 u.
327 2412 366 2446 4.
413 2408 559 2453 Eorum
577 2407 731 2446 nomina
747 2408 830 2446 silet
907 2409 1134 2452 Gruterum,
1153 2419 1190 2457 p.
1211 2403 1304 2449 768.
1323 2416 1362 2444 et
1376 2405 1493 2446 alibi:
1523 2407 1641 2444 immo

99 2462 192 2509 Dio,
221 2474 289 2500 Lx.
309 2475 347 2512 p.
366 2458 460 2499 665.
515 2461 684 2498 Breviter
700 2470 829 2499 autem
907 2457 1070 2499 Brocchi
1081 2461 1184 2511 apud
1200 2461 1391 2499 Romanos
1402 2461 1642 2506 dicebantur,

99 2517 305 2554 Suetonius
335 2516 374 2552 in
399 2514 539 2552 Claud.
564 2528 603 2553 x.
659 2514 832 2553 Accitus-
908 2516 1100 2566 quierant
1124 2514 1309 2563 producto
1337 2527 1400 2552 ore
1418 2520 1456 2551 et
1474 2514 1655 2552 dentibus.

99 2584 168 2621 que
181 2575 218 2607 et
238 2570 315 2618 ipse
334 2569 523 2606 Claudius
545 2581 617 2618 per
644 2567 836 2608 tribunum.
904 2568 1210 2618 prominentibus.
1256 2568 1356 2605 Vide
1375 2568 1559 2614 Plinium,
1579 2579 1642 2606 x1.

93 2623 213 2674 plebis
242 2623 280 2660 in
309 2623 448 2660 curiam
468 2622 518 2659 ad
541 2622 730 2660 suadenda
754 2636 834 2673 quoe
909 2627 975 2666 37.
1003 2630 1097 2659 sect.
1127 2618 1260 2663 60.„et
1279 2622 1465 2670 Nonium,
1493 2634 1580 2675 cap.
1607 2627 1643 2659 1.

97 2677 328 2722 viderentur,
358 2677 396 2714 vi
413 2689 451 2713 se
469 2680 505 2712 et
530 2675 750 2713 necessitate
780 2682 834 2713 te·
910 2689 1015 2713 num.
1040 2679 1129 2716 102.
1606 2678 1611 2683 ‘

98 2731 181 2768 neri
208 2730 411 2780 respoudit.
466 2728 556 2766 Vim
588 2728 685 2766 hanc
712 2736 750 2766 et
774 2742 836 2766 ne·
963 2727 982 2745 ²
1020 2727 1178 2766 Claudio
1222 2729 1435 2767 suaderent.
1487 2728 1643 2780 Joseph.

99 2785 311 2822 cessitatem
341 2782 507 2832 intellige
525 2783 571 2819 dc
590 2783 835 2832 praetorianis,
912 2783 988 2820 loc.
1006 2783 1074 2820 cit.
1091 2795 1197 2819 num.
1219 2787 1257 2820 3.
1372 2810 1375 2812 -
1659 2826 1661 2828 ,

98 2839 168 2888 qui
194 2837 405 2877 Claudium
428 2836 660 2874 detinebant.
719 2836 834 2874 Porro
964 2833 981 2856 ³
1011 2836 1144 2874 Genua
1163 2836 1345 2876 advoluti.
1398 2835 1552 2886 Joseph.
1568 2835 1643 2876 loc.
1686 2867 1691 2873 .

100 2891 302 2930 Brocchus
331 2902 407 2929 non
425 2898 480 2928 est
499 2902 636 2928 nomen
657 2890 837 2929 Romanis
913 2890 982 2929 cit.
1001 2903 1108 2928 num.
1123 2891 1165 2928 ’4.

1616 2986 1632 3010 Ι
