1768 3236
1439 77 1445 104 κ

166 153 250 197 570
578 147 744 201 NQTAE
773 148 842 190 ET
868 146 1315 204 EMENDATIONES

227 251 292 295 Et
319 250 436 296 salva
468 252 693 312 utriusque.
752 253 920 298 Frustra
957 259 1086 297 tentat
1125 252 1309 311 Lipsius,
1333 259 1374 297 et
1396 267 1472 298 sua
1499 252 1712 317 utrimque

158 327 375 385 temporis,
398 334 405 345 “
1691 322 1693 324 ¹

230 477 352 520 CAP.
383 483 453 535 237
489 477 628 531 Vitiis,
667 477 804 538 quaim.
865 476 969 520 MS.
1001 476 1226 533 Bamberg.
1263 458 1374 530 vino,
1407 475 1531 535 qudm
1569 476 1708 529 amis.

168 552 297 604 Quod
316 552 501 595 nonnulli
520 544 713 608 probant,
734 553 805 596 sed
824 551 1043 602 immerito.
1103 550 1315 608 Frigidum
1344 552 1454 596 enim
1483 561 1559 601 est.
1619 550 1711 597 HN:

167 626 302 684 agitur
316 628 366 669 de
385 627 594 671 ebrietatis
614 627 734 670 vitiis.

1690 716 1696 735 ι
1755 705 1758 709 .

228 773 349 821 ,CAR
370 780 440 817 24.
471 773 620 819 Artem
647 774 834 832 paravit.
896 772 1013 826 Bene
1038 772 1261 816 Rhenanus
1281 772 1305 816 ὲ
1326 771 1435 816 cod.
1457 771 1600 829 Kapp.
1658 770 1712 815 In

166 849 372 891 veteribus
392 848 652 901 editionibus,
667 855 813 905 parat.

226 923 379 966 Aleam
393 923 540 982 (quod
560 924 746 978 mirere).
808 923 924 967 Bene
956 911 1060 972 MS.
1079 922 1217 966 Vatic.
1246 928 1375 971 4498.
1396 929 1437 964 et
1456 920 1551 965 libri
1570 935 1712 967 omnes

104 991 106 994 ’
167 997 279 1043 aditi.
340 997 391 1040 In
423 996 527 1041 MS.
556 998 690 1042 Vatic.
725 1004 848 1042 1518.
879 997 1064 1041 miretur.
1125 997 1230 1046 MS.
1256 997 1392 1040 Vatic.
1411 997 1540 1046 2964.
1559 995 1713 1039 Aleum

166 1073 343 1132 quidem,
364 1073 474 1131 quod
490 1073 650 1122 mirere.

166 1200 173 1206 Β
217 1147 338 1193 Crini
359 1149 497 1190 omnia
518 1148 765 1212 defecerunt.
826 1148 930 1191 MS.
951 1147 1095 1191 Turic.
1115 1146 1352 1207 defecerint.
1654 1180 1658 1189 .

166 1269 171 1273 ,.
233 1222 434 1268 Quamvis
453 1224 619 1281 junior.
680 1223 747 1266 Ita
772 1223 865 1266 libri
903 1239 1046 1274 omnes
1085 1223 1197 1265 editi.
1256 1221 1308 1265 In
1337 1221 1475 1266 MSS.
1504 1221 1641 1278 Vatic.
1670 1227 1714 1268 εἰ

165 1298 282 1343 cod.
303 1298 445 1356 Kapp.
458 1300 672 1357 juvenior.
733 1298 837 1341 Non
856 1298 911 1341 ita
930 1298 1080 1350 mirum
1100 1306 1162 1340 est
1182 1298 1430 1351 Germanos,
1458 1296 1546 1340 ludi
1571 1298 1714 1353 furore

166 1382 299 1433 pactos,
333 1373 603 1417 voluntariam
637 1373 871 1416 servitutem
903 1374 1073 1427 adiisse3
1122 1372 1232 1427 cum,
1269 1371 1400 1415 multa
1428 1379 1527 1429 post
1561 1369 1714 1425 secula,

170 1447 270 1501 licet
282 1448 424 1504 religio
439 1449 691 1500 accessisset,
706 1448 1018 1506 humanitasque
1032 1456 1155 1506 atque
1174 1463 1277 1504 opes
1295 1446 1516 1499 auxissent,
1528 1444 1718 1498 homine·

167 1522 333 1585 ingenui
373 1532 415 1566 et
448 1539 531 1566 suae
562 1523 707 1565 mentis
737 1532 968 1580 compotes,
998 1539 1041 1565 se
1070 1522 1150 1580 ipsi
1190 1523 1423 1579 venderent,
1453 1529 1496 1563 et
1531 1516 1716 1563 servituti

168 1597 461 1653 manciparent.
521 1598 620 1645 Qua
661 1599 710 1639 de
748 1614 792 1640 re
825 1598 929 1641 inter
961 1606 1117 1640 veteres
1155 1595 1386 1649 Formnlas‚
1424 1584 1620 1651 solemnis
1652 1601 1717 1645 eut

169 1672 367 1714 Formula
389 1687 404 1714 1
411 1688 460 1730 x.
520 1672 714 1715 Venditio
733 1674 784 1715 de
805 1672 1028 1729 semetipso
1046 1689 1057 1716 ε
1089 1671 1262 1730 qualiter
1279 1654 1408 1713 homo
1422 1669 1527 1718 liber
1546 1684 1715 1714 venum·

169 1748 301 1789 detur.
362 1752 392 1773 “
413 1747 601 1790 Domino
630 1763 792 1803 semper
811 1763 906 1790 meo
925 1747 998 1790 illo
1030 1747 1092 1790 N.
1125 1747 1220 1803 Ego
1241 1745 1310 1788 ille
1332 1745 1393 1788 N.
1415 1744 1580 1802 Placuit
1598 1743 1715 1799 milri,

168 1832 217 1879 ut
237 1824 371 1864 statim
389 1822 648 1877 ingenuitatis
664 1838 765 1865 meae
778 1822 819 1864 in
839 1830 1021 1864 vestrum
1040 1823 1235 1864 deberem>
1253 1819 1476 1863 obnoxiare
1491 1818 1714 1862 servitium.

169 1897 298 1956 Quod
326 1897 382 1939 ita
403 1906 444 1939 et
474 1897 568 1939 feci.
626 1896 751 1953 Unde
781 1897 922 1953 accepi
953 1895 980 1938 a
1008 1905 1049 1939 te
1079 1896 1272 1952 pretium,
1299 1894 1341 1937 in
1359 1895 1473 1952 quod
1491 1893 1592 1936 mihi
1610 1893 1716 1937 bene

169 1971 437 2028 complacuit,
457 1971 610 2014 solidos
639 1981 796 2026 tantos3
826 1972 882 2022 ita
911 1979 958 2014 ut
988 1973 1040 2014 ab
1061 1970 1260 2013 hodierna
1280 1969 1344 2026 die
1364 1967 1561 2026 quicquid
1577 1968 1629 2010 de
1646 1981 1715 2011 me

169 2063 286 2089 servo
307 2056 396 2100 tu0‚
428 2046 533 2089 sicut
551 2048 601 2089 de
621 2046 778 2103 reliqua
809 2046 1013 2102 mancipia
1043 2055 1112 2088 tua
1139 2042 1344 2096 (barbare
1373 2043 1527 2085 dictum
1551 2057 1628 2099 pro
1663 2041 1716 2084 de

168 2121 334 2181 reliquis
367 2121 583 2177 mancipiis
610 2121 712 2177 tuis)
743 2123 878 2163 facere
917 2120 1113 2172 volueris,
1150 2119 1175 2161 a
1215 2118 1280 2160 die
1313 2126 1512 2175 praesente
1541 2116 1716 2159 liberam

167 2196 320 2252 habeas
335 2206 598 2253 potestatem.
660 2196 718 2238 Et
739 2197 850 2253 quod
868 2195 958 2237 fieri
975 2211 1057 2237 non
1076 2195 1213 2246 credo,
1231 2193 1263 2235 si
1280 2192 1402 2235 fuerit
1422 2191 1506 2234 ulla
1525 2190 1718 2251 quislibet

168 2286 346 2327 persona
376 2271 445 2328 qui
478 2280 622 2314 contra
650 2271 754 2319 hanc
781 2270 1072 2322 venditionem,
1103 2284 1225 2326 quam
1256 2283 1335 2323 ego
1367 2266 1460 2309 mea
1491 2263 1718 2322 spdntanea

169 2344 380 2388 voluntate
406 2346 496 2388 fieri
525 2345 675 2401 rogavi,
707 2345 776 2402 qui
804 2354 945 2387 contra
966 2360 1056 2386 eam
1088 2342 1241 2401 aliquid
1270 2344 1390 2398 a'gere
1410 2350 1451 2383 et
1469 2339 1716 2384 calumniam
1761 2361 1764 2370 ⁴

169 2433 363 2475 generare
384 2420 602 2473 conaverit,
634 2419 750 2471 illud,
773 2420 884 2505 quod
915 2418 1080 2475 repetit,
1112 2433 1196 2460 non
1216 2416 1406 2468 vindicet,
1425 2424 1467 2459 et
1486 2422 1631 2458 contra
1648 2412 1717 2459 cui

166 2494 285 2549 ‚litem
319 2495 514 2548 intulerit,
553 2494 639 2537 auri
678 2495 784 2537 libra
822 2510 916 2547 una,
957 2492 1112 2550 argenti
1151 2492 1292 2547 pondo
1332 2490 1511 2548 quinque
1548 2497 1718 2532 coacms

171 2568 379 2623 exsolvat:
411 2580 452 2612 et
470 2570 558 2612 haec
579 2569 758 2612 venditio
778 2569 897 2611 firma
913 2566 1188 2625 permaneat.''
1251 2565 1359 2608 Duae
1376 2579 1525 2621 nempe
1543 2570 1640 2606 sunt
1652 2577 1726 2629 ten!

171 2644 283 2699 apud
301 2643 486 2686 homines
512 2643 783 2695 validissimae,
804 2643 932 2685 libido
955 2651 996 2684 et
1014 2640 1247 2685 necessitas.
1308 2637 1368 2681 Ut
1393 2637 1550 2682 libidini
1569 2651 1720 2680 consa-

166 2703 315 2771 'let-snt,
355 2711 592 2761 servitutem
625 2734 707 2760 non
736 2717 1054 2761 reformidabant
1082 2714 1298 2758 Germani.
1360 2714 1519 2778 Sponte
1551 2725 1718 2778 quoque

171 2791 282 2851 illam
303 2792 482 2847 adibant,
503 2809 553 2835 ne
569 2793 685 2851 inopi
705 2792 935 2845 necessitati
954 2791 1280 2834 succumberent.
