1768 3236
241 479 369 535 CN.
409 479 635 538 JULII
677 476 1114 534 AGRICOLAE
1154 478 1382 545 VITA:

621 651 1010 693 SCRIPTORE

297 805 375 873 C.
438 803 792 874 CORN.
849 794 1330 877 TACITO.

115 1236 157 1275 1.
201 1211 525 1279 CLARoRuM
538 1230 554 1248 ²
574 1225 782 1274 virorum
798 1225 918 1275 facta
935 1243 1181 1291 moresque
1198 1225 1390 1290 posteris
1407 1226 1587 1275 tradere

22 1305 297 1369 antiquitus
319 1306 551 1363 usitatum,
584 1320 644 1352 ne
666 1305 832 1352 nostn's
869 1305 1059 1368 quidem
1093 1304 1394 1368 temporibus,
1429 1317 1589 1368 quam·-

40 1379 186 1447 'quam
220 1382 448 1451 incuriosa
469 1398 662 1429 suorum
685 1393 793 1430 aetas
816 1381 984 1440 omisit,
1008 1381 1219 1446 quotiens
1241 1398 1409 1446 magna
1438 1382 1591 1446 aliqua

44 1477 99 1508 ac
122 1461 287 1508 nobilis
309 1460 453 1508 virtus
474 1459 581 1507 vicit
608 1476 660 1506 ac
684 1476 978 1524 supergressa
999 1470 1067 1506 est
1088 1458 1267 1518 vitium,
1290 1459 1440 1523 parvis
1462 1476 1590 1525 mag-

8 1534 14 1539 ’
44 1537 208 1602 nisque
230 1538 485 1593 civitatibus
508 1553 774 1596 commune,
796 1537 1102 1602 ignorantiam
1136 1536 1248 1584 recti
1278 1548 1323 1584 et
1356 1536 1588 1584 invidiam.

45 1616 140 1662 Sed
184 1616 307 1679 apud
359 1615 552 1679 priores,
598 1626 648 1661 ut
692 1631 829 1679 agere
875 1627 1134 1661 memoratu
1179 1614 1318 1679 digna
1368 1630 1590 1679 pronum,

45 1692 284 1757 magisque
307 1693 354 1740 in
376 1703 534 1756 aperto
558 1704 684 1751 erat;
733 1693 794 1739 ita
816 1692 1145 1741 celeberrimus
1170 1692 1365 1756 quisque
1386 1691 1590 1756 ingenio,

11 1786 14 1787 ⁷
45 1769 106 1816 ad
127 1770 413 1833 prodendam
431 1770 609 1817 virtutis
627 1770 1035 1828 memoriam‚-sine
1058 1770 1205 1835 gratia
1226 1782 1305 1817 aut
1327 1769 1590 1827 ambitione,

41 1847 184 1894 bonae
216 1849 401 1895 tantum
432 1848 722 1896 conscientiae
741 1849 909 1913 pretio,
940 1849 1209 1896 ducebatur.
1278 1850 1352 1894 Ac
1383 1846 1592 1911 plerique

47 1940 178 1971 suam
216 1924 300 1989 ipsi
333 1926 473 1973 vitam
508 1942 711 1986 narrare,
750 1927 969 1975 fiduciam
1006 1925 1162 1990 potius
1202 1941 1406 1983 morum,
1446 1923 1591 1988 quam

13 2043 18 2046 .
43 2002 358 2068 arrogantiam
380 2003 582 2051 arbitrati
605 2016 734 2052 sunt:
772 2022 857 2053 nec
880 2005 928 2052 id
954 2003 1159 2051 Rutilio³
1184 2014 1229 2050 et
1252 2003 1427 2050 Scauro
1441 2005 1460 2030 ⁴
1481 2001 1593 2049 citra

105 2166 118 2185 ¹
152 2169 255 2208 Vita.
304 2168 347 2208 In
366 2170 440 2209 hac
461 2172 533 2210 Cn.
550 2172 645 2210 Julii
673 2173 783 2223 Agri—

4 2241 9 2243 >
40 2222 145 2260 colae
162 2224 240 2261 vita
257 2225 580 2263 absolutissimum
599 2227 781 2264 habemus

7 2299 11 2302 -
50 2276 196 2314 decorae
248 2279 500 2330 perfectaeque
551 2280 781 2318 laudationis

49 2331 257 2380 exemplar.
301 2333 363 2369 Ad
383 2333 480 2370 illud
500 2341 646 2383 quanto
664 2335 781 2386 magis

50 2386 265 2429 accesserit,
284 2387 523 2438 quicumque
538 2388 576 2424 id
594 2388 781 2426 scm'bendi

50 2449 168 2486 genus
186 2439 360 2489 suscipit,
378 2447 483 2477 tanto
499 2442 695 2491 probatior
711 2442 783 2479 erit

42 2492 90 2528 v-et
107 2491 311 2529 illustrior:
342 2507 420 2542 quo
441 2495 557 2543 magis
585 2503 710 2532 autem
733 2497 782 2532 ab

25 2575 27 2577 .
50 2557 97 2581 eo
114 2546 319 2592 recesserit,
349 2556 452 2585 tanto
470 2547 647 2597 pluribus
669 2551 785 2586 obru-

52 2606 139 2635 etur
157 2600 268 2636 xitiis.

52 2692 78 2726 ἲ
105 2649 123 2668 ²
152 2651 364 2691 Clarorum.
393 2653 501 2691 Ordo
517 2661 589 2693 est:
629 2657 782 2702 ‘AEtas‚

68 2709 334 2757 ‘quamquam
378 2707 570 2745 ἱιιευιίυει
617 2722 788 2755 suorum,

13 2791 17 2794 .
43 2762 78 2794 .“
94 2761 223 2798 omisit
249 2773 296 2797 ne
314 2762 447 2799 nostris
464 2762 617 2811 quidem
647 2770 790 2813 tempo-

48 2815 75 2834 “
96 2814 201 2852 ribus
237 2815 420 2852 usitatum
451 2815 676 2865 antiquitus,
714 2825 790 2855 tra-

12 2890 14 2893 ·
51 2869 78 2894 ‘³‘
98 2868 184 2905 dere
203 2868 359 2918 posteris
374 2869 476 2906 facta
495 2882 692 2911 moresque
707 2870 789 2907 cla-

20 2960 23 2961 .
46 2922 77 2943 “
106 2933 234 2959 rorum
254 2921 435 2966 virorum,
450 2924 638 2972 quotiens,
659 2923 765 2961 &c.’'

106 2970 122 2993 ³
150 2975 312 3015 Rutilio.
344 2976 389 3013 P.
410 2975 604 3014 Rutilium
625 2977 789 3023 Rufum,

857 2172 1053 2211 consulem
1083 2171 1133 2207 A.
1153 2170 1204 2208 U.
1223 2170 1270 2207 C.
1290 2165 1383 2212 649.
1418 2167 1590 2205 Velleius

858 2226 1095 2270 paterculus,
1116 2236 1164 2261 ιι.
1188 2227 1248 2260 13.
1274 2221 1444 2273 appellat
1467 2222 1590 2259 virum

860 2294 931 2318 non
949 2279 1064 2317 seculi
1089 2278 1159 2324 sui,
1187 2277 1252 2315 sed
1268 2275 1383 2313 omnis
1399 2275 1468 2313 aevi
1497 2276 1594 2336 opti-

857 2346 966 2372 mum.
1023 2334 1066 2370 ln
1084 2331 1239 2369 hbent
1247 2329 1417 2367 Gracchi
1445 2330 1591 2370 amicos

859 2385 1091 2434 saeviitrsed
1112 2383 1272 2435 postea
1259 2397 1296 2420 m
1315 2383 1361 2421 iis
1387 2383 1490 2432 ipsis,
1514 2396 1594 2433 quoe

855 2454 928 2490 pro
972 2447 1103 2480 senatu
1147 2438 1378 2482 moliebatur,
1425 2442 1593 2474 senatum

860 2494 988 2532 habuit
1008 2492 1264 2532 adversarium
1279 2506 1292 2528 :
1321 2496 1358 2528 et
1388 2490 1471 2540 Iege
1490 2503 1592 2540 repe-

859 2548 1058 2585 tundarum
1072 2544 1500 2595 interrogatus‚maximo
1513 2557 1594 2581 cum

856 2601 998 2652 gemitu
1011 2600 1176 2639 civitatis
1189 2600 1391 2636 damnatus
1404 2605 1472 2635 est.
1492 2598 1595 2636 Vide

858 2655 1034 2692 eumdem
1055 2653 1260 2698 Vesseium,
1281 2665 1367 2702 cap.
1385 2655 1424 2693 7.

912 2707 932 2728 ⁴
960 2708 1013 2757 Et
1032 2706 1188 2744 Scauro.
1217 2707 1277 2743 M.
1298 2705 1454 2743 AEmilio
1473 2704 1594 2742 Scau-

859 2775 915 2805 ro,
935 2760 1082 2799 consuli
1102 2763 1152 2798 A.
1168 2760 1216 2797 U.
1229 2760 1276 2797 C.
1291 2757 1388 2803 639.
1407 2757 1596 2808 Sapientis

862 2815 1016 2852 hominis
1034 2819 1071 2851 et
1091 2814 1187 2852 recti
1199 2813 1376 2864 grat-itas
1393 2824 1544 2855 summa,
1557 2817 1595 2848 et

861 2869 1048 2907 naturalis
1080 2868 1244 2916 quaedam
1280 2867 1403 2903 inerat
1433 2865 1597 2902 auctori-

862 2929 934 2968 tas,
964 2929 1055 2959 teste
1083 2921 1269 2958 Cicerone
1286 2920 1333 2956 de
1359 2918 1482 2956 Claris
1500 2918 1598 2955 Ora-

862 2976 1026 3020 toribus,
1051 2986 1139 3023 cap.
1162 2977 1226 3017 29.
1257 2973 1391 3022 Hujus
1419 2977 1457 3009 et
1484 2972 1604 3009 orati-
