1768 3236
49 197 89 237 J
101 195 504 237 c.6s.1113R1
536 192 737 233 DECIMI
767 194 925 232 SEXTI
955 194 1076 233 ANN
1080 195 1272 236 ALIUM.
1345 224 1347 226 -
1508 200 1588 247 477

55 305 85 328 “
117 301 218 350 haec
254 297 556 348 monimenta!
592 296 737 361 Apud
759 296 891 344 illum
913 297 1139 358 nobilitas,
1174 317 1301 377 opes,
1334 300 1590 366 ingenium,

57 382 87 404 “
118 377 279 436 virtus,
312 393 468 434 sexus,
501 385 627 433 aetas,
660 374 752 421 vita
789 373 901 437 ipsa,
941 375 1130 422 crimina
1167 372 1287 424 sunt.
1356 379 1446 428 Per
1489 381 1590 429 haec

56 458 86 481 “
118 452 340 503 adversus
361 470 508 519 genus
528 453 783 499 humanum
819 463 1063 516 grassatur.
1136 454 1338 502 Ruinam
1377 457 1592 505 omnibus

55 536 86 559 “
117 531 431 579 imminentem
448 532 543 595 jam
567 529 593 576 a
619 528 766 576 Gallis
788 529 1057 591 propulsare
1080 530 1220 593 coepit
1243 531 1441 580 Vindex.
1493 533 1590 581 Alii

56 614 87 636 “
118 610 176 657 ab
220 607 333 666 aliis,
383 624 470 671 ego
511 606 539 653 a
582 605 711 652 vobis
756 617 969 652 avertam.
1012 607 1253 666 ffCaesaris,
1301 610 1590 672 Imperatoris

57 690 87 712 “
121 685 383 733 nominibus
405 682 587 747 parcite.
656 683 740 728 Me
762 681 947 729 senatus
970 682 1219 746 populique
1244 684 1444 732 Romani
1467 687 1588 752 lega-

57 767 86 790 “
118 774 219 811 tum
235 765 247 784 ¹
281 778 379 809 esse
414 759 629 807 memini:
666 759 755 805 hoc
795 758 884 805 mei
928 759 1131 806 muneris
1169 761 1372 819 nomine,
1406 763 1590 826 Imperii

55 845 86 867 ‘⁶
119 841 414 906 majestatem,
464 852 760 884 communem
804 835 1012 882 omnium
1052 837 1245 884 salutem
1287 837 1405 885 tueri
1442 841 1587 904 juvat.

57 923 86 944 “
118 916 243 965 Novi
265 932 340 962 me
363 915 391 962 a
412 915 602 961 Nerone
638 913 776 959 morti
815 912 1123 960 destinatum.²
1188 915 1283 963 Sed
1304 914 1443 962 vitam
1466 916 1589 964 labo-

57 999 86 1021 “
118 994 245 1042 ribus
267 991 531 1048 exercitam,
564 989 776 1053 periculis
798 989 929 1036 finire
952 990 1204 1054 egregium.
1275 993 1371 1039 Vos
1403 993 1588 1041 tantum

57 1076 87 1098 “
119 1087 206 1135 pro
228 1068 389 1134 patria,
423 1085 507 1132 pro
530 1066 680 1115 vestra
701 1066 1010 1114 incolumitate
1045 1067 1234 1115 certanti
1269 1064 1467 1116 favete.’'
1535 1071 1588 1117 In
1607 1115 1619 1125 ,

55 1147 192 1213 legati
237 1145 582 1193 admirationem
627 1143 876 1206 laudesque
927 1155 1095 1191 secutae
1138 1161 1274 1191 voces
1316 1144 1589 1195 innumerae.

53 1225 184 1274 Nero
219 1222 385 1270 odiosis
424 1220 618 1269 dicteriis
658 1220 931 1268 cumulatur.
1003 1221 1174 1269 Omnia
1207 1221 1266 1268 ad
1296 1221 1510 1275 libertatis
1543 1234 1589 1271 et
1634 1262 1639 1268 ,

53 1299 302 1351 securitatis
325 1299 662 1362 munimentum
684 1307 980 1362 apparantur:

122 1463 201 1511 72.
234 1459 476 1507 NONDUM
516 1456 579 1504 ita
619 1453 932 1504 fervescebant
963 1449 1213 1520 Hispaniae,
1261 1455 1376 1504 cum
1413 1451 1590 1507 Italiam

54 1546 324 1601 pervagatus
369 1546 435 1583 aet
481 1533 738 1582 Galliarum
785 1532 1050 1582 defectionis
1099 1549 1276 1581 rumor.
1343 1534 1592 1598 Neapolim

54 1612 261 1676 pervenit
283 1612 356 1659 die
376 1611 494 1676 ipso,
517 1627 611 1675 quo
632 1612 762 1659 Nero
784 1621 978 1658 matrem
1001 1610 1259 1658 occiderat.³
1327 1612 1590 1675 Tamquam

54 1689 214 1737 laetum
236 1687 529 1752 faustumque
546 1687 715 1752 aliquid
738 1687 895 1736 fuisset
915 1687 1191 1746 nuntiatum,
1223 1686 1373 1734 statim
1394 1687 1442 1734 in
1458 1704 1589 1753 gym.

53 1766 232 1815 nasium
274 1765 530 1831 progredi„
565 1775 880 1828 certantesque
924 1764 1114 1811 athletas
1157 1762 1369 1811 effusiore
1419 1764 1592 1828 gaudio

52 1845 293 1907 spectare‚⁴
324 1842 454 1907 quod
475 1841 700 1906 insperata
725 1840 1086 1904 opulentissimas
1107 1839 1361 1904 provincias
1382 1841 1590 1904 praedan-

54 1920 101 1968 di
117 1923 132 1948 ⁵
153 1936 288 1968 causa
309 1931 585 1967 occurreret.
655 1920 838 1966 Verum
860 1916 1233 1965 tumultuosiores
1256 1917 1416 1975 literae,
1451 1934 1590 1980 super

54 2013 238 2046 coenam
266 1997 445 2054 ·allatae,
491 1995 606 2043 iram
649 1995 896 2052 incussere,
944 2010 1100 2058 quam,
1142 2004 1193 2040 ut
1235 1992 1356 2040 iratis
1398 1993 1593 2053 adsolet,¹

50 2085 208 2123 secuta
230 2084 297 2121 est
317 2072 490 2120 inertia.
557 2071 771 2120 Primum
795 2070 980 2135 quidem
996 2069 1259 2127 infremere,
1291 2068 1404 2127 dira,
1436 2068 1488 2116 iis
1511 2070 1592 2133 qui

54 2149 318 2208 descissent,
351 2149 541 2196 minari:
575 2149 656 2195 sed
679 2164 762 2211 per
784 2159 889 2195 octo
913 2147 1152 2194 continuos
1182 2146 1276 2192 dies
1299 2146 1410 2192 nihil
1433 2146 1592 2193 rescri-

53 2223 200 2286 bere,⁶
223 2226 333 2274 nihil
356 2226 635 2289 praecipere3
667 2241 768 2272 rem
790 2224 931 2272 atroci
953 2223 1129 2272 silentio
1153 2239 1374 2286 premere.
1412 2224 1591 2309 Quere-

56 2303 122 2351 las
143 2303 328 2351 tandem
346 2302 541 2350 elicuere
555 2302 690 2349 missa
707 2282 908 2349 Vindicis
931 2301 1093 2359 edicta,
1111 2299 1276 2363 quibus
1298 2310 1422 2346 tanto
1446 2299 1591 2363 magis

53 2379 312 2429 irritabatur
333 2381 377 2427 N
382 2396 481 2438 ero,
513 2379 678 2444 quod
664 2395 713 2427 m
734 2378 785 2427 iis
811 2378 1059 2427 citharaedi
1093 2372 1202 2424 mali
1224 2387 1268 2423 et
1291 2375 1592 2424 Ahenobarbi

114 2561 126 2580 “
158 2562 353 2614 Legatum.
409 2540 562 2602 sueton.
581 2564 674 2604 ibid.
691 2565 781 2605 Plu-
859 2577 927 2614 pra
949 2561 1086 2600 Annal.
1107 2573 1192 2598 x1v.
1212 2564 1250 2617 4
1305 2581 1314 2586 ·

59 2616 181 2658 tarch.
204 2619 241 2653 in
261 2617 402 2664 Galba,
432 2631 468 2667 p.
491 2622 605 2656 1055.
902 2615 922 2637 4
955 2617 1147 2666 spectare.
1204 2615 1274 2650 Per
1291 2621 1457 2663 quatuor
1476 2612 1585 2662 quin-

111 2666 130 2684 ²
170 2670 295 2708 Morti
337 2671 573 2709 destinatum.
611 2672 782 2709 »Suetorr
853 2678 1063 2720 quatruum
1084 2668 1162 2705 dies
1181 2668 1262 2704 ludi
1293 2667 1514 2712 edebantur,
1543 2673 1587 2703 ut

55 2723 98 2763 in
119 2723 259 2767 Galba,
288 2736 331 2762 1x
349 2733 387 2761 et
406 2737 447 2761 x.
588 2738 594 2742 “
853 2731 958 2773 patet
978 2736 1025 2760 ex
1041 2722 1194 2767 Ovidi0‚
1211 2734 1323 2770 quem
1346 2719 1585 2758 laudavimus

112 2772 128 2794 ³
163 2776 330 2815 Alatrem
374 2778 575 2814 occiderat.
628 2777 784 2814 Sueton.
855 2778 903 2814 ad
926 2777 1067 2813 Annal.
1090 2786 1180 2812 mv.
1201 2772 1238 2810 4.

58 2830 99 2867 in
116 2829 210 2867 Ner.
231 2843 302 2868 xi„
358 2831 630 2868 Postmedium
649 2830 785 2882 ‘mensis
909 2827 922 2849 ⁵
953 2828 1167 2867 Praedaudi.
1223 2827 1378 2878 Sueten.
1424 2826 1463 2862 in
1507 2825 1582 2863 loc.

60 2883 208 2929 Martii,
236 2884 326 2921 cum
345 2884 597 2934 quinquatrus
622 2885 787 2921 celebra-
856 2883 922 2921 cit.
1363 2915 1368 2917 ,

60 2936 211 2979 bantur.
269 2937 369 2975 Vide
389 2949 474 2986 quae
491 2937 594 2975 dicta
623 2945 710 2974 sunt
725 2949 789 2975 su-
911 2932 929 2953 ⁶
944 2934 1057 2974 Nihil
1075 2932 1286 2975 rescribere.
1319 2927 1470 2971 Suez‘on.
1494 2931 1595 2970 ibid?
