1768 3236
488 189 635 228 LIBRI
665 186 874 227 OCTAVI
902 186 1223 225 ANNALIUM.
1546 191 1624 235 335

83 197 179 236 J.C.
197 198 264 233 40.

149 305 228 348 66.
265 299 368 346 SUB
409 293 516 343 anni
555 293 699 341 finem
736 291 958 355 Apelles¹
994 290 1220 338 malarum
1256 290 1423 339 artium
1461 309 1625 356 poenas
1663 360 1667 363 Β

80 377 223 436 luit;
244 375 517 437 vinctusque
554 370 715 420 ferreis
749 369 1088 432 compedibus,²
1128 379 1174 416 et
1210 367 1313 416 rota
1355 380 1504 417 tortus
1541 387 1627 434 per

82 455 264 503 dierum
284 449 538 507 intervalla,
562 460 615 495 ut
635 447 716 495 diu
738 446 970 509 suppliciis
992 445 1239 504 sufficeret,
1263 443 1489 510 quantum
1511 448 1624 495 olim

81 531 140 578 ad
180 527 379 577 luxuriae
424 527 728 584 incitamenta,
776 536 955 572 tantum
1000 525 1059 571 ad
1103 523 1380 572 crudelitatis
1428 524 1625 572 ludibria

80 607 244 656 valuit:
287 604 413 653 haud
450 620 574 662 raro,
610 614 657 650 at
671 618 861 665 semper
893 601 1079 648 infirmo
1112 601 1342 664 exemplo.
1412 601 1624 650 Validius

80 684 204 733 enim
225 684 285 742 ad
318 682 467 731 scelus
505 679 697 743 impellit
727 679 963 743 praesentis
985 677 1186 726 fortunae
1208 678 1456 737 inlecebra,
1479 679 1625 742 quam

78 761 269 809 retrahit
312 759 482 807 futurae
527 756 727 805 infamiae
761 755 978 804 formido.
1048 756 1229 803 Eodem
1267 772 1390 803 anno
1431 756 1624 805 Pontius

77 839 282 897 Pilatus,³
319 837 580 885 Viennam*
612 835 796 884 biennio
827 834 933 883 ant&
969 834 1212 899 relegatus,
1255 833 1396 881 vitam
1419 833 1622 898 pristinae

80 915 308 982 dignitatis
339 913 582 973 memoria,
623 912 906 961 conscientia
942 912 1188 970 scelerum,
1230 911 1444 960 moeroris
1482 911 1623 975 impa-

80 993 236 1042 tientia
257 993 433 1042 tristem
454 992 551 1057 ipse
573 990 734 1040 finivit.

514 1195 576 1240 A.
602 1193 667 1241 U.
695 1193 751 1241 C.
780 1197 891 1243 794.
961 1193 1186 1240 J.C.41.
1238 1170 1241 1173 ’

146 1344 225 1391 67.
263 1340 427 1387 CAms
477 1338 636 1386 Caesar
673 1337 755 1384 IV.
804 1346 850 1383 et
883 1334 1066 1383 Sentius
1111 1333 1384 1383 Saturninus
1416 1333 1623 1385 infaustis

79 1415 287 1480 auspiciis
327 1414 617 1464 consulatum
661 1412 838 1461 iniere.⁵
919 1412 1201 1462 Sacrificanti
1268 1412 1392 1460 enim
1449 1413 1623 1462 caesari

81 1493 298 1542 Calendis
342 1491 562 1542 Januariis
593 1492 731 1556 'jecur
774 1490 971 1539 victimas
1006 1486 1200 1539 'defuit.⁶
1276 1487 1395 1538 'Alia
1433 1507 1622 1556 quoque

77 1566 263 1636 vulgata
295 1569 538 1635 prodigia,⁷
571 1569 728 1633 potius
758 1568 896 1617 taedio
919 1568 1222 1633 principatus,
1254 1584 1395 1636 quam
1416 1567 1483 1615 rei
1505 1568 1623 1616 veri-

77 1658 182 1696 tate.
251 1648 392 1695 Haud
414 1646 618 1695 siluerim
634 1658 806 1705 tamen,
824 1647 952 1712 quod
974 1642 1184 1705 Plinius,⁸
1207 1644 1423 1711 egregius
1443 1656 1620 1694 naturae

883 1835 1098 1898 Dauplziniu
1127 1846 1188 1872 vr.
1216 1834 1316 1872 sect.
1340 1840 1401 1872 11.
1422 1844 1619 1896 perperam

881 1891 1078 1929 existimat
1093 1888 1291 1927 Pilatum
1282 1901 1322 1926 in
1341 1888 1362 1926 J
1369 1883 1477 1925 udaea
1503 1899 1624 1925 occu-

885 1946 1021 1984 buisse.

935 1997 950 2019 ⁵
981 1997 1222 2037 Consulatum
1279 1994 1409 2033 iniere.

129 1834 327 1904 'Apellea
357 1837 418 1874 De
429 1850 507 1888 quo
519 1850 635 1888 supra
649 1850 737 1888 cap.
748 1842 814 1883 57

129 1885 326 1928 ’'Ferrez’s
371 1891 614 1941 com-pedibus.
690 1892 813 1939 Philo,

82 1942 214 1992 Legat.
258 1944 307 1981 ad
355 1945 509 1990 Caium,
547 1958 585 1996 p.
628 1949 727 1984 1021
776 1954 815 1984 et

88 2000 202 2035 1022.
1503 1994 1622 2032 Caius

131 2046 146 2069 ³
179 2050 336 2088 Pontius
369 2051 533 2090 Pilatus.
580 2052 812 2093 Procurator

76 2103 234 2149 Judaeae,
251 2105 298 2140 de
315 2117 396 2154 quo
423 2106 593 2144 diximus
610 2107 647 2143 in
674 2107 813 2158 Suppl.

77 2158 218 2195 Annal.
235 2172 270 2194 v.
289 2163 324 2196 8.
357 2160 416 2196 De
429 2160 512 2208 ejus
528 2161 811 2199 morteEuseb.

76 2211 116 2248 in
135 2211 316 2249 chronic.
362 2212 522 2250 Pontius
541 2214 704 2259 Pilatus,
723 2215 815 2253 inci-

76 2265 165 2302 dens
183 2265 223 2302 in
239 2266 377 2304 multas
395 2267 640 2313 calamitates,
654 2268 814 2318 proprid

75 2331 114 2356 se
130 2331 239 2356 manu
267 2319 472 2371 interfecit.
528 2319 709 2360 Scribant
736 2322 815 2360 Ro-

75 2385 265 2410 manorum
286 2372 468 2411 historici.
526 2373 698 2421 Orosius,
735 2388 814 2414 vn.

76 2429 115 2462 5.
170 2425 321 2463 Pilatus
340 2432 461 2465 autem
475 2440 626 2477 proeses,
644 2429 708 2478 qui
733 2442 815 2468 sen-

74 2479 230 2516 tentiam
264 2480 512 2518 damnationis
547 2481 587 2518 in
624 2482 814 2521 Christum

73 2532 235 2578 dixerat,
261 2535 459 2584 postquam
500 2535 683 2584 plurimas
717 2537 813 2574 sedi-

74 2585 192 2623 tiones
225 2587 263 2623 in
293 2586 568 2639 Hierosolymis
597 2591 740 2641 excepit
768 2603 812 2629 ac

58 2638 178 2689 ficit,
203 2640 320 2677 tantis
335 2642 534 2692 irrogante
554 2641 645 2680 Caio
660 2643 812 2694 angori-

74 2693 139 2731 bus
156 2699 370 2732 coarctatus
387 2701 456 2742 est,
485 2699 530 2732 ut
546 2695 615 2734 sua
629 2709 670 2734 se
687 2703 811 2734 trans-

71 2746 270 2784 verberans
297 2760 418 2793 manu,
445 2749 625 2787 malorum
646 2763 810 2800 compen-

73 2798 171 2839 dium
188 2801 321 2838 mortis
338 2801 531 2840 celeritate
549 2803 749 2853 quoesierit.

125 2850 148 2877 '⁸'
180 2852 372 2893 Viennam.
429 2856 568 2894 Nunc
585 2856 737 2902 Vienne,
772 2857 810 2894 in

80 2904 290 2956 Dauphinb.
319 2907 483 2946 Adeoin
501 2909 683 2948 Chronic.
713 2911 812 2948 Eru-

883 2053 1010 2093 Caesar
1029 2055 1227 2101 Augustus
1240 2049 1314 2086 lv.
1329 2055 1368 2086 et
1378 2049 1450 2086 Cn.
1470 2048 1623 2086 Sentius

883 2106 1113 2144 Saturninus
1133 2102 1307 2142 consules
1318 2102 1423 2140 fuere
1442 2103 1494 2166 A.
1506 2098 1563 2141 U.
1575 2103 1623 2140 C.

883 2161 1017 2206 791.J
994 2159 1099 2199 J..C
1118 2162 1183 2195 41.

935 2209 953 2231 ⁶
981 2213 1100 2252 Jecur
1134 2211 1294 2251 victimoe
1326 2209 1462 2261 defuit.
1517 2209 1621 2248 Plin.

883 2279 943 2305 x1.
965 2272 1031 2312 37.
1053 2267 1154 2304 sect.
1173 2268 1239 2308 73·
1254 2265 1370 2313 jeeur
1386 2263 1508 2300 defuit
1528 2261 1621 2301 Caio

883 2321 1062 2371 Principe
1090 2317 1278 2357 Kalendis
1307 2316 1522 2362 Januariis,
1539 2317 1623 2356 cum

882 2374 998 2412 iniret
1016 2374 1259 2418 consulatum,
1287 2383 1358 2422 quo
1382 2383 1479 2408 anno
1505 2370 1624 2409 inter-

868 2428 1006 2479 fectus
1025 2432 1095 2466 est.

936 2479 952 2501 ⁷
982 2482 1181 2532 Prodigia.
1256 2479 1358 2526 Quae
1385 2477 1473 2515 vide
1515 2478 1621 2529 apud

885 2535 1127 2581 Suetonium,
1144 2535 1183 2572 in
1201 2534 1312 2580 Cain,
1333 2544 1441 2571 nvn.

938 2585 954 2608 ⁸
984 2588 1097 2632 Quod
1116 2588 1279 2627 Plinius.
1348 2585 1450 2624 Plin.
1470 2597 1622 2624 xxxn.

886 2647 922 2679 1.
978 2640 1069 2680 Heu
1120 2642 1270 2681 vanitas
1322 2639 1494 2686 humana,
1539 2639 1622 2677 cum

883 2701 1010 2734 rostra
1044 2697 1126 2743 illa,
1154 2709 1227 2734 oere
1241 2695 1431 2746 ferroque
1457 2694 1509 2731 ad
1524 2692 1623 2737 ictus

882 2757 1044 2796 armata,
1059 2749 1292 2799 semipedalis
1310 2748 1481 2786 inhibere.
1488 2747 1623 2797 possit,

882 2816 926 2841 ac
939 2809 1065 2842 tenere
1075 2803 1261 2849 devincta,
1273 2801 1505 2862 pisciculus!
1531 2800 1568 2837 F
1565 2813 1623 2837 er

884 2862 950 2894 tur
966 2858 1127 2895 Actiaco
1146 2856 1281 2894 Marte
1300 2853 1461 2894 tenuisse
1484 2858 1626 2904 proeto·

884 2911 978 2948 riam
1014 2911 1138 2949 navim
1173 2909 1347 2954 Antonii,
1381 2919 1522 2958 proper

74 2958 176 2997 ditus
194 2959 365 3007 Chorier,
383 2961 558 3001 Histoire
572 2964 747 3015 ginirale
768 2964 811 3002 de
884 2963 1080 3003 circumire
1106 2973 1145 3002 et
1173 2962 1367 3002 exhortari
1393 2973 1490 3007 suos,
1507 2960 1621 2998 donec

0 3042 57 3085 ε

1530 3068 1558 3116 <f
1592 3101 1600 3105 ,
