1768 3236
47 169 237 210 J.,C.41.
487 163 636 204 mm
661 145 807 202 Nom
833 160 1155 202 ANNALmM.

1511 163 1601 214 -369

12 270 22 283 ¹
52 270 296 322 Corsicam
328 268 563 336 relegatur
577 283 594 316 ε
610 270 625 290 ¹
657 264 889 332 sapientiae
910 253 1055 325 fama,
1071 263 1213 315 Julizae
1227 257 1442 330 superbia
1463 265 1599 318 facile

47 348 358 407 excusandus,
389 345 476 395 nisi
518 345 616 410 ipse
644 337 1041 410 *ingeniosioribus
1072 342 1288 408 scriptis,²
1336 344 1601 395 adulatoriis

47 425 296 491 precibus,³
330 423 625 473 amarulentis
646 420 885 481 dicteriis:
916 419 1066 470 ferme
1094 421 1240 468 fidem
1278 420 1602 472 criminationi-

48 503 138 551 bus
158 501 352 551 fecisset.

118 663 198 705 25.
233 657 406 704 INTER
428 655 530 704 haec
552 653 752 713 dissidia,
771 652 997 703 Chudius
1014 652 1131 702 filias
1159 669 1282 712 suas,
1304 653 1562 703 Antoniam
1581 658 1597 685 ⁵

51 735 145 784 Cn.
200 732 423 797 Pompeio
474 727 679 798 Magno⁶
744 731 946 791 tradidit,
1005 730 1279 780 Octaviam⁷
1344 733 1402 780 L.
1459 732 1597 783 Junio

49 811 206 860 Silano
222 809 239 833 ⁸
273 810 533 875 despondit,
566 808 769 875 exigua⁹
802 810 996 858 maritali
1035 808 1226 875 pompa,
1259 808 1368 873 post
1400 809 1598 858 tristiore

51 888 233 937 exitu-¹⁰
279 889 494 936 Generos
516 887 864 953 vigintiviratu¹¹
899 887 1085 936 tantum
1102 886 1319 935 donavit:
1345 886 1452 935 dein
1473 886 1600 935 feriis

50 964 223 1013 Latinis
239 968 273 986 ¹²
322 964 445 1012 Urbi
490 963 724 1029 praefecit:
762 963 891 1012 tarde
931 964 1155 1013 concessit
1189 975 1243 1012 ut
1282 964 1599 1029 quinquennio

51 1041 463 1108 matiniuffiquam
479 1059 563 1107 per
585 1043 728 1108 leges,
751 1042 1042 1109 magistratus
1061 1045 1091 1071 ¹³
1137 1054 1360 1108 peterent.
1415 1043 1600 1091 Eodem

113 1192 127 1210 ¹
158 1193 383 1244 Relegatur.
431 1193 523 1239 Dio,
545 1193 639 1232 ibid.
670 1194 791 1232 Exilii

56 1245 118 1284 sui
145 1246 325 1285 laudator
353 1247 554 1286 inducitur
578 1248 724 1286 Seneca
753 1248 792 1286 in

56 1300 240 1348 Octavi-22,
273 1304 364 1339 Act.
383 1306 422 1339 2.
441 1314 495 1340 sc.
517 1307 552 1339 1.
571 1315 606 1339 v.
627 1306 721 1341 381.

88 1404 201 1433 Helius
213 1403 344 1440 tacebam
353 1405 466 1437 procul
477 1404 516 1430 ab
526 1405 650 1432 invidia:
661 1405 762 1437 malie,

89 1443 233 1470 Remota:
243 1445 327 1470 inter
341 1445 456 1470 Corsici
470 1451 561 1477 rupes
571 1445 669 1469 maris
676 1454 687 1470 :

93 1483 152 1510 Ubi
165 1483 243 1509 liber
261 1484 392 1514 animus,
410 1485 439 1509 et
452 1483 608 1515 suijuris,
622 1483 703 1508 mihi

88 1522 212 1557 Semper
223 1522 360 1554 vacabat,
378 1523 483 1548 studia
499 1524 644 1549 recolenti
656 1530 735 1548 mea.

108 1614 127 1634 ²
138 1617 316 1668 Scriptis.
330 1618 434 1655 Vide
449 1619 636 1670 imPrimis
646 1619 789 1657 librum

54 1671 104 1709 de
131 1671 401 1710 Consolatione
426 1673 475 1709 ad
505 1673 685 1711 Helviam
712 1686 793 1711 ma-

59 1732 156 1763 trem
173 1738 282 1763 suam
301 1725 325 1763 a
345 1725 491 1764 Seneca
508 1727 709 1776 scriptum.

121 1775 136 1797 ³
168 1779 411 1817 Adulatoriis
440 1780 627 1830 precibus.
684 1781 793 1826 Quas

55 1831 139 1883 lege
157 1832 196 1870 in
214 1832 473 1872 consolatione
500 1834 548 1871 ad
568 1834 790 1885 Polybium,

54 1898 104 1924 ac
133 1885 302 1924 maxime
331 1887 459 1938 capite
493 1891 559 1926 32.
589 1886 715 1938 rigida
742 1901 789 1926 ac

55 1938 157 1977 virili
176 1940 395 1978 Stoicorum
424 1939 610 1993 sapientia
632 1942 791 1980 minime

56 1992 202 2044 dignas.

110 2045 130 2069 ⁴
155 2046 357 2089 Dicteriis.
424 2048 579 2095 Quibus
613 2050 792 2088 aculeata

20 2131 21 2134 ,
55 2100 209 2152 rigescit
226 2102 440 2151 insectatio,
454 2115 571 2152 quam
589 2112 675 2154 post
692 2117 794 2142 mor-

56 2160 135 2193 tem
165 2155 335 2204 Claudii,
364 2169 478 2207 quem
500 2156 631 2195 vivum
658 2157 794 2195 lauda-

56 2215 176 2255 verat,
222 2210 374 2260 scripsit
389 2225 400 2256 ;
445 2210 589 2260 cuique
633 2212 792 2250 titulum

23 2265 26 2267 ’
59 2261 165 2309 fecit,
197 2263 353 2302 Claudii
381 2263 540 2302 Caesaris
573 2271 793 2303 ΑΠΟΚΟ-

55 2319 449 2356 ΔΟΚΥΝΤΩΣῙΣ.
511 2317 608 2356 Tam
652 2318 790 2370 parum

57 2382 190 2407 secum
222 2372 456 2409 consensisse
480 2372 662 2411 Senecam
682 2384 794 2411 nemo

59 2423 279 2471 mirabitur,
315 2425 381 2475 qui
414 2427 647 2475 reputaverit
675 2438 793 2464 unam

59 2476 241 2515 virtutem
268 2478 341 2515 sibi
374 2490 520 2529 semper
547 2486 795 2528 constantem,

60 2529 290 2582 plerumque
305 2532 448 2569 discors
465 2546 542 2571 esse
559 2533 766 2585 ingenium.

44 2605 50 2608 -
87 2616 98 2630 ,
115 2581 131 2604 ⁵
149 2585 368 2624 Antoniam.
420 2585 523 2624 Vide
551 2588 668 2626 Stem.
695 2587 794 2625 Caes.

58 2647 98 2676 n.
119 2642 210 2676 105.

115 2686 134 2708 ⁶
153 2691 222 2730 Cn.
235 2691 411 2743 Pompeio
423 2691 584 2745 Magna.
610 2693 794 2745 Pompeio

61 2743 208 2796 Magno
247 2759 469 2797 cognomen,
508 2747 579 2784 sibi
617 2748 793 2795 invisum,

58 2797 257 2837 ademerat
274 2800 394 2838 Caius
409 2800 610 2850 Caligula;
629 2799 807 2840 restituit

61 2851 219 2902 quidem
238 2853 440 2900 Claudius,
467 2866 724 2906 generumque
741 2855 794 2893 fe-

63 2903 144 2943 cit:
186 2907 249 2945 sed
284 2906 416 2958 postea
448 2907 609 2946 occidit.
659 2909 793 2947 ,Unde

68 2957 212 3000 Seneca
224 2961 268 3007 ,in
282 2961 497 3013 Apocoloc.
511 2975 551 3011 p.
562 2964 654 3006 707.
682 2962 795 3002 Caius

332 3028 451 3064 voL.
477 3028 547 3063 lv.

858 1194 987 1232 Caesar
999 1193 1131 1232 Crassi
1138 1195 1260 1242 filium
1275 1194 1396 1240 vetuit
1409 1194 1597 1245 Magnum

858 1248 988 1286 vocari
1003 1264 1016 1286 .·
1062 1249 1121 1286 hic
1151 1248 1342 1286 Claudius
1379 1261 1509 1286 nomen
1537 1248 1598 1286 illi

859 1301 1040 1349 reddidit,
1057 1307 1170 1351 caput
1184 1301 1290 1340 tulit.

915 1353 1168 1446 ⁷60ctaviam.
1212 1355 1314 1393 Vide
1343 1355 1461 1394 Stem.
1498 1355 1597 1395 Caes.

860 1422 899 1447 n.
917 1412 941 1447 3
974 1437 984 1446 .

914 1459 929 1481 ⁸
952 1461 999 1499 L.
1027 1461 1146 1500 Junio
1165 1461 1310 1500 Silano.
1356 1462 1456 1500 Filio
1475 1463 1596 1514 Appii

862 1515 998 1564 Silani,
1036 1516 1083 1553 de
1113 1528 1192 1566 quo
1219 1515 1371 1554 dicetur
1390 1516 1488 1554 infra
1507 1530 1596 1569 cap.

911 1622 933 1645 9
949 1622 1115 1675 Exigua.
1161 1623 1286 1662 Immo
1305 1624 1361 1661 ita
1376 1622 1530 1673 exigua,
1553 1630 1597 1663 ut

863 1677 979 1715 etiam
1014 1678 1073 1715 his
1117 1677 1208 1727 ipsis
1252 1678 1386 1715 diebus
1420 1686 1594 1717 senatum

860 1731 1052 1768 habuerit.
1096 1731 1212 1776 Quod
1233 1738 1392 1768 testatur
1409 1731 1500 1778 Dio,
1520 1744 1594 1772 Lx.

860 1799 899 1835 p.
919 1781 1014 1823 668.
1043 1791 1082 1822 et
1099 1797 1148 1821 ex
1166 1798 1211 1822 eo
1229 1786 1407 1822 Zonaras.
1453 1785 1597 1823 Suffra-

860 1846 972 1888 gatur
1002 1850 1157 1888 quoque
1187 1839 1343 1876 Sueton.
1379 1838 1420 1874 in
1453 1838 1596 1878 Claud.

861 1904 946 1930 ΧΠ.
1002 1890 1199 1942 sponsalia
1228 1892 1331 1942 flliae
1362 1892 1595 1943 natalemque

857 1946 980 1997 geniti
1007 1945 1151 1996 nepotis
1182 1945 1347 1991 silentio,
1371 1959 1416 1984 ac
1447 1947 1596 1985 tantam

859 1998 1062 2038 domestica
1079 1999 1260 2050 religione
1276 1999 1477 2051 transegit.

918 2050 952 2070 ¹⁰
983 2052 1170 2091 Tri-§tiore
1202 2053 1316 2091 exitu.
1362 2053 1402 2090 Si
1438 2053 1594 2102 quidem

862 2113 1023 2158 uterque
1052 2106 1076 2143 ὲ
1095 2106 1262 2144 Claudio
1280 2106 1413 2158 postea
1431 2107 1597 2145 occisus.

863 2160 928 2198 Ob
957 2160 1100 2210 crimen
1145 2161 1368 2198 interemtus
1403 2166 1460 2198 est
1487 2161 1599 2198 Pom-

856 2214 978 2265 peius,
1007 2214 1047 2251 in
1081 2215 1278 2252 concubitu
1306 2214 1436 2252 dilecti
1457 2214 1598 2253 adoles·

862 2267 1002 2306 centuli
1013 2267 1216 2319 confossus,
1232 2268 1388 2306 Sueton.
1403 2267 1443 2304 in
1454 2268 1597 2307 Claud.

865 2333 997 2359 xxrx.
1033 2321 1199 2367 Silanus,
1218 2321 1440 2359 incustoditi
1457 2322 1597 2362 amoris

863 2381 1068 2413 accusatus
1088 2375 1220 2424 magis,
1239 2375 1358 2426 quam
1381 2387 1480 2422 reus,
1498 2389 1599 2414 mor-

865 2435 940 2466 tem
965 2429 1036 2466 sibi
1066 2430 1266 2476 conscivit,
1289 2434 1335 2467 ut
1362 2428 1512 2481 dictum
1542 2438 1598 2469 est

864 2482 1006 2519 Annal.
1025 2494 1107 2521 ΧΠ.
1124 2487 1160 2521 8.
1391 2483 1393 2485 ’

919 2535 952 2552 ¹¹
978 2535 1269 2586 Vigintiviratu.
1298 2534 1361 2574 De
1383 2536 1459 2575 hoc
1476 2537 1597 2575 hono-

865 2602 951 2626 rum
970 2590 1186 2629 rudimento
1209 2590 1294 2640 jam
1317 2590 1463 2641 egimus
1480 2603 1598 2642 supra

865 2643 1004 2681 Annal.
1026 2656 1095 2682 111.
1113 2647 1178 2688 29.
1376 2675 1385 2678 -

923 2693 960 2712 ¹²
986 2697 1109 2735 Feriis
1125 2697 1290 2737 Latinis.
1319 2698 1421 2744 Quae
1446 2698 1533 2745 sint,
1561 2704 1599 2736 et

862 2750 1051 2842 ·unde6sic
1074 2751 1202 2799 dictae,
1219 2752 1306 2790 vide
1324 2764 1443 2804 supra
1455 2752 1599 2790 Annal.

868 2815 928 2842 ιν.
945 2807 968 2842 3
1002 2834 1011 2843 .

925 2854 958 2878 ¹³
973 2857 1248 2909 Magistratus.
1259 2859 1357 2898 Haec
1370 2859 1498 2897 omnia
1506 2859 1597 2906 Dio,

870 2921 939 2950 Lx.
964 2925 1004 2963 p.
1014 2909 1115 2951 668.
1163 2913 1413 2964 Magistratus
1430 2912 1598 2963 intellige

869 2965 917 3003 de
934 2965 1140 3016 quaestura,
1167 2972 1205 3005 et
1230 2965 1315 3004 aliis
1331 2965 1464 3017 postca
1480 2966 1600 3008 hono·

1238 3025 1328 3066 2A
