1768 3236
424 187 709 230 DIALOGUS
738 186 814 225 DE
843 185 1211 227 ORATORIBUS.

1534 185 1612 232 169

54 299 107 349 in
127 294 330 357 colonias
350 311 402 344 ac
425 291 682 359 provincias
704 306 808 339 suas
837 289 1078 350 scribunt‚¹
1115 291 1208 340 sive
1224 291 1273 339 in
1295 289 1388 340 suis
1401 293 1418 314 ²
1449 290 1613 357 aliqu‘ss

55 374 223 443 arguta
245 386 291 423 et
305 372 435 422 brevi
456 369 680 420 sententia
701 368 889 434 effulsit,
911 368 1005 416 sive
1029 369 1159 416 locus
1182 369 1410 433 exquisito
1433 379 1478 418 et
1502 383 1613 434 poe·

58 454 153 502 tico
176 452 306 501 cultu
321 449 497 499 enituit.
565 447 784 513 Exigitur
805 447 928 494 enim
947 448 1044 511 jam
1065 447 1122 494 ab
1145 457 1328 494 oratore
1344 447 1480 495 etiam
1502 461 1611 511 poe-

56 531 176 580 ticus
197 530 357 588 decor,
386 544 483 576 non
503 526 638 575 Accii
659 537 740 583 aut
761 525 947 573 Pacuvii
966 527 979 552 ³
1003 537 1193 572 veterno
1214 523 1495 588 inquinatus,
1529 525 1612 572 sed

59 625 130 671 eg
145 606 344 664 Horatii,
364 616 410 653 et
431 603 629 669 Virgilii,
647 615 692 650 et
715 602 892 649 Lucani
915 602 1112 650 sacrario
1126 604 1146 630 4
1167 602 1387 665 prolatus.
1425 592 1612 650 Horum

32 710 37 712 <
58 685 202 751 igitur
235 683 423 731 auribus
444 694 490 730 et
507 680 688 746 judiciis
724 681 1047 743 obtemperans
1075 691 1343 727 nostrorum
1372 690 1611 727 oratorum

62 773 191 822 aetaS,
224 759 463 826 pulchrior
484 771 531 807 et
561 754 765 817 ornatior
786 756 950 804 extitit.

1017 758 1188 820 Neque
1209 756 1316 804 ideo
1338 756 1496 804 minsis
1519 756 1613 804 effi-

62 856 194 889 caces
216 850 323 887 sunt
343 837 572 886 orationes
593 847 782 893 nostrae,
817 834 924 900 quia
946 835 1004 883 ad
1026 851 1160 882 aures
1178 833 1482 899 judicantium
1502 849 1612 881 cum

59 917 295 980 voluptate
348 914 635 979 perveniunt.

707 910 837 999 Quid
887 912 1011 959 enim
1054 912 1092 959 si
1140 911 1394 959 infirmiora
1441 911 1612 959 horum

59 1006 327 1059 temporum
348 992 521 1056 templa
542 991 719 1049 credas,
747 990 855 1054 quia
875 1007 974 1038 non
995 990 1099 1039 rudi
1114 1001 1367 1048 caement0‚
1402 1001 1448 1038 et
1469 987 1611 1036 infor-

60 1071 214 1120 mibus
249 1070 416 1135 tegulis
453 1080 774 1127 exstruuntur,
829 1069 912 1117 sed
951 1085 1182 1118 marmore
1226 1067 1371 1116 nitent
1410 1078 1455 1116 et
1498 1083 1613 1114 auro

63 1148 301 1199 radiantur
314 1147 332 1197 ?
337 1150 350 1175 ⁵

124 1312 206 1351 21.
240 1303 490 1361 EQUIDEM
516 1302 696 1351 fatebor
718 1302 847 1352 vobis
870 1302 1152 1366 simpliciter,
1168 1318 1244 1350 me
1265 1301 1313 1350 in
1337 1302 1612 1366 quibusdam

54 1381 354 1446 antiquorum
382 1381 463 1429 vix
492 1382 656 1441 risum,
690 1382 738 1429 in
778 1381 1056 1446 quibusdam
1093 1391 1248 1428 autem
1279 1380 1359 1427 vix
1394 1395 1614 1428 somnum

57 1470 232 1519 tenere,
265 1476 352 1507 nec
388 1476 535 1507 unum
559 1460 618 1506 de
641 1459 816 1523 populo
855 1455 1058 1508 Canuti⁶
1079 1471 1158 1506 aut
1188 1458 1336 1506 Aride
1358 1457 1532 1504 Furnio
1566 1467 1615 1504 et

0 1542 5 1568 ³
57 1537 284 1596 Toranio,
318 1536 490 1602 quique
529 1537 642 1585 alios
664 1537 712 1584 in
735 1538 901 1584 eodem
940 1536 1272 1586 valetudinario
1302 1537 1403 1585 haec
1437 1551 1540 1583 ossa
1567 1545 1615 1582 et

116 1708 130 1727 ¹
156 1708 349 1748 Scribant.
403 1711 465 1748 Ad
485 1710 687 1761 populares
704 1722 804 1747 suOS.

114 1761 134 1778 ²
162 1763 250 1802 Sive
267 1764 305 1801 in
321 1765 410 1802 suis.
467 1762 546 1802 Hic
572 1764 721 1814 aliquid
740 1778 806 1801 ex-

0 1829 3 1835 ’
60 1817 170 1855 cidit.
228 1817 378 1868 Lipsius
414 1825 533 1855 tentat
569 1818 607 1855 in
641 1818 804 1855 sensibus

0 1873 4 1895 *⁴
59 1871 162 1909 suis:
195 1871 340 1909 Melius
358 1873 548 1914 Muretus,
574 1872 652 1910 sive
679 1885 806 1910 seusus

59 1925 211 1975 aliquis.
267 1926 368 1963 Vide
401 1933 480 1964 not.
509 1936 548 1963 et
577 1926 724 1964 emend.
755 1926 802 1963 ad

0 1982 9 2018 ἰζ
60 1991 150 2028 cap.
169 1983 234 2018 20.

0 2031 7 2045 “
114 2029 132 2052 ³
160 2033 271 2072 Accii
295 2038 361 2072 aut
393 2033 563 2072 Pacuvii.
619 2034 656 2070 V
658 2039 803 2070 eterum

0 2085 10 2125 l
59 2093 275 2139 poetarum,
315 2100 481 2138 quorum
513 2087 641 2125 adhuc
672 2094 805 2124 extant

0 2126 13 2166 ’t
60 2141 282 2191 fragmenta.
329 2141 611 2188 Quintilianus,
628 2140 805 2179 Institut.

0 2176 19 2245 ζ’
61 2193 174 2233 orat.
204 2207 248 2234 x.
276 2201 311 2232 1.
369 2194 576 2246 Tragoediae
603 2195 806 2245 scriptmes

62 2248 209 2286 Accius·
233 2254 345 2300 atque
374 2248 574 2295 Pacuvius,
608 2249 806 2287 clarissimi

0 2272 13 2379 Ξ
59 2301 255 2354 gravitate
288 2303 567 2349 sententiarum,
611 2303 806 2341 'verborum

57 2355 236 2407 pondere,
253 2361 290 2393 et
309 2356 536 2393 auctoritate
548 2369 732 2407 Ρενέοηαι
735 2369 806 2394 um.

116 2406 138 2429 ⁴
153 2408 208 2446 Et
226 2408 371 2448 Lucani
386 2410 569 2448 sacrario.
627 2410 720 2447 Inde
739 2411 808 2446 fre-

64 2470 223 2513 quentes
240 2462 318 2500 illae
338 2463 559 2502 Horatianae
578 2463 662 2501 etV
666 2463 808 2514 irgilia-

10 2440 25 2470 Ἰ.

63 2569 228 2610 rioribus
245 2570 523 2609 adnotavimus.
581 2571 728 2611 Lucani
748 2584 808 2608 ve-

10 2623 18 2647 -’
62 2623 110 2662 τὸ
143 2623 276 2661 laudes
308 2624 474 2662 vidimus
515 2638 631 2678 supra
665 2624 805 2663 Annal.

64 2689 139 2714 xv.
157 2681 222 2721 49.
241 2685 278 2716 et
296 2690 388 2715 Χνι.
410 2682 472 2722 17.

16 2739 30 2774 ᾗ
70 2729 72 2733 ’
117 2729 132 2750 ⁵
163 2730 395 2769 Radiantur.
450 2732 515 2769 Sic
542 2744 697 2782 quoque
715 2731 809 2770 ovi-

19 2784 25 2812 s
64 2783 163 2830 diuS,
193 2796 261 2822 ιιι.
281 2785 329 2822 de
347 2785 480 2830 Ponto,
509 2797 570 2824 ιν.
594 2789 683 2823 103.

13 2868 23 2902 i
64 2887 159 2922 &gata
170 2887 220 2914 sed
233 2890 262 2914 et
271 2889 362 2921 galee
371 2889 494 2921 gemmis
504 2889 670 2914 radientur
681 2891 711 2914 et
722 2896 811 2919 auro,

15 2933 42 2950 ¹·
99 2926 240 2972 ,sientque
270 2935 361 2962 super
390 2929 503 2955 τύπτω
533 2930 648 2958 trunca
673 2929 811 2965 trophea

162 2973 251 2993 viros.

14 2554 19 2558 ,
62 2528 123 2554 nae
139 2516 382 2563 imitationes,
408 2530 503 2567 quas
519 2517 559 2554 in
577 2517 683 2555 libris
699 2530 811 2567 supe-

916 1706 934 1727 ⁶
964 1711 1049 1749 Nec
1085 1723 1192 1747 unum
1222 1711 1267 1747 (Ie
1296 1710 1432 1759 populo
1461 1707 1613 1746 Canuti.

872 1764 996 1802 Locus
1033 1765 1190 1802 omnino
1224 1773 1442 1813 corruptus,
1485 1774 1616 1812 quem,

871 1820 962 1856 dum
985 1819 1070 1869 quis
1090 1818 1247 1856 meliora
1264 1818 1382 1854 suad
1373 1825 1436 1862 at,
1455 1816 1508 1853 ita
1525 1828 1616 1865 sup-

872 1873 1052 1924 plendum
1074 1881 1182 1923 puto,
1199 1884 1385 1910 necunum
1405 1872 1448 1907 de
1466 1869 1613 1919 populo,

869 1928 934 1965 sed
966 1927 1144 1965 rusticum
1175 1926 1308 1971 viam-i,
1347 1924 1410 1976 qui
1442 1923 1617 1969 Canutio,

870 1986 935 2019 aut
957 1981 1076 2018 Arrzo
1095 1980 1316 2024 delectatur,
1344 1979 1423 2016 Fu}
1425 1991 1530 2015 move
1548 1982 1616 2014 aut

876 2035 1053 2081 Toranio,
1083 2034 1215 2084 quique
1243 2033 1368 2070 alios
1355 2047 1393 2070 m
1409 2032 1529 2070 eodem
1544 2043 1614 2087 ἕα-

872 2088 1112 2134 letudinarz'o,
1140 2088 1214 2125 ltoec
1232 2100 1327 2132 ossa,
1355 2093 1392 2124 et
1419 2087 1512 2123 hanc
1540 2098 1618 2122 ma-

873 2143 975 2187 ciem,
990 2143 1163 2192 probant.
1198 2141 1298 2178 Vide
1317 2148 1395 2179 not.
1413 2148 1450 2177 et
1468 2140 1616 2177 emend.
1655 2164 1661 2166 >

874 2197 923 2234 ad
959 2210 1044 2246 cap.
1077 2201 1143 2234 21.
1199 2195 1319 2232 Porro
1350 2195 1395 2232 C.
1427 2193 1617 2232 Canutius

874 2258 1106 2288 memoratur
1134 2249 1158 2286 ὲ,
1191 2249 1386 2294 Suetonio,
1427 2248 1474 2285 de
1506 2245 1647 2285 claris'

878 2305 1121 2350 Rhetoribus,
1151 2315 1235 2351 cap.
1259 2306 1297 2340 4.
1354 2303 1406 2348 Q.
1430 2303 1565 2340 Arrius
1593 2301 1619 2339 ὲ

876 2359 1072 2404 (ficet-one,
1111 2358 1157 2395 de
1193 2356 1306 2394 claris
1343 2357 1497 2395 Orator.
1532 2368 1619 2406 cap-

875 2410 941 2457 69.
998 2413 1045 2450 C.
1065 2410 1353 2449 Furnius-forte
1380 2410 1445 2448 ille
1468 2411 1618 2462 ipsefad

877 2479 992 2516 quem
1027 2465 1178 2516 scripsit
1209 2464 1376 2511 Tullius,
1415 2465 1538 2514 Epist.
1570 2464 1619 2501 ad

879 2520 1112 2565 Familiares,
1131 2532 1174 2556 x.
1195 2522 1244 2556 ‘25
1266 2527 1302 2556 et
1322 2518 1386 2558 ‘26-
1432 2519 1621 2555 Toranius

877 2574 989 2612 illene
1008 2585 1213 2624 puerorum
1234 2585 1383 2623 mango,
1410 2587 1432 2622 q
1439 2573 1477 2610 ui
1496 2575 1620 2610 Anto-

877 2629 954 2674 nio,
982 2629 1194 2672 triumviro,
1223 2627 1366 2666 eximia
1390 2626 1510 2664 forma
1529 2639 1623 2677 pue-

878 2695 938 2720 ros
965 2683 1060 2719 duos
1086 2681 1261 2719 ducentis
1283 2681 1471 2725 sestertiis,
1501 2681 1621 2731 Angl.

882 2734 1013 2775 1666ί.
1045 2741 1125 2774 133.
1146 2735 1210 2773 4d.
1229 2735 1410 2779 vendidit,
1439 2743 1483 2773 ut
1510 2735 1623 2773 refert

879 2789 1038 2835 Plinius,
1067 2802 1147 2827 vn.
1177 2793 1238 2827 12.
1257 2803 1305 2826 an
1331 2788 1457 2838 ponus
1479 2789 1522 2826 L.
1542 2789 1623 2825 Tu-

879 2845 970 2886 rius,
998 2843 1113 2880 homo
1131 2843 1235 2893 parvi
1254 2843 1407 2893 ingenii,
1423 2843 1487 2879 sed
1508 2840 1624 2879 multi

878 2897 1031 2941 laboris,
1070 2897 1116 2934 de
1146 2908 1222 2945 quo
1252 2896 1419 2943 Tullius,
1452 2896 1498 2933 de
1529 2895 1624 2937 clar,⁴

879 2952 991 2993 Orat.
1010 2963 1096 3004 cap.
1113 2948 1180 2997 67.
