1768 3236
189 165 270 209 6:30
595 167 763 209 NOTAE
792 168 860 208 ET
889 151 1332 210 EMENDATmNEs

251 266 369 310 Huic
408 284 563 326 magnae
596 286 794 314 annorum
829 271 1098 325 conversioni,
1137 271 1449 316 Platonicorum
1486 281 1728 319 commentis

189 342 537 397 celebratissimae,
555 347 557 349 ’
575 345 725 387 famam
761 346 915 388 addidit
948 345 1107 402 >inquies
1146 347 1380 389 mortalium
1420 346 1592 400 animus,
1624 350 1724 395 dum

190 416 395 471 praeterita
413 417 550 461 laudat
568 426 768 474 tempora,
790 419 1002 475 praeseutia
1031 420 1197 473 fastidit,
1220 423 1356 464 futura
1375 431 1493 478 optat
1511 431 1727 480 speratque

192 505 357 547 semper
386 488 567 534 meliora.
629 493 698 535 De
720 508 869 550 magno
897 509 1001 536 anno
1032 493 1146 549 plura
1173 510 1254 537 non
1284 495 1520 549 addiderim,
1550 496 1729 540 maxime

194 564 290 607 cum
328 565 432 607 hanc
476 565 687 610 materiam
725 568 880 611 erudite
906 569 1137 611 tractaverit
1167 568 1235 611 Cl.
1256 569 1366 612 dela
1389 570 1546 622 Nauze,
1575 575 1604 596 “
1625 569 1732 614 Μό-

196 638 344 681 moires
374 639 425 682 de
456 639 711 683 l'Academie
733 641 892 696 Royale
912 644 983 685 des
1006 642 1312 699 Inscriptions,”
1340 643 1437 687 Vol.
1457 659 1589 687 xxu.
1610 659 1653 700 p.
1674 649 1730 689 82
1763 682 1766 686 .

193 722 236 755 et
251 729 337 769 seq.
396 713 447 756 Id
467 730 592 757 unum
614 716 939 769 memoraverim,
959 718 1073 773 quod
1092 733 1171 759 non
1192 717 1249 760 ita
1269 727 1542 774 compertum.
1560 720 1565 722 ’
1603 717 1732 774 Mag-

193 802 292 847 num
313 804 479 845 quoque
499 805 649 832 annum
678 791 831 832 habent
861 790 1070 843 Sinenses,
1098 792 1193 834 cum
1214 793 1517 849 conjunguntur
1546 793 1732 849 planete.

184 861 358 904 ‘Recens
397 862 620 916 inventum,
657 880 733 906 nec
772 875 1015 920 usurpatum
1059 875 1151 908 ante
1201 866 1443 921 Dynastiam
1490 866 1733 923 Principum

193 935 315 988 ΙΙαη,
336 953 427 994 quae
444 937 643 994 imperare
660 938 789 995 coepit
810 955 916 982 anno
949 946 1047 983 205.
1069 950 1160 982 ante
1180 940 1207 984 J
1213 956 1328 985 esum
1351 940 1576 984 Christum.
1635 939 1731 984 Nec

192 1019 448 1053 constantem
486 1013 597 1067 apud
635 1029 706 1056 eos
747 1029 833 1056 esse
876 1014 1012 1070 magni
1051 1014 1158 1057 illins
1202 1015 1297 1057 anni
1341 1016 1612 1068 durationem,
1649 1015 1730 1059 boc

195 1084 338 1127 seculo
368 1086 591 1129 certissime
611 1096 871 1142 compertum
901 1088 1134 1131 habuimus.
1193 1088 1380 1145 Nempe,
1410 1088 1470 1132 uti
1498 1089 1734 1147 accepimus

197 1174 248 1200 ex
261 1158 397 1202 literis
419 1160 557 1203 MSS,
580 1161 714 1204 Patris
737 1162 894 1205 Gaubil
915 1163 1014 1205 Soc.
1033 1163 1060 1207 J
1065 1179 1136 1205 esu
1157 1165 1210 1206 ab
1230 1165 1333 1206 urbe
1363 1162 1545 1222 Pekiug,
1574 1163 1641 1207 die
1661 1155 1733 1208 25ss

194 1231 407 1286 Octobris,
438 1240 543 1277 anno
570 1241 692 1282 1725.
726 1238 778 1279 ad
812 1237 978 1279 Patrem
1013 1238 1185 1281 Souciet
1218 1237 1395 1294 scriptis,
1425 1239 1519 1280 cum
1550 1237 1731 1295 Jupiter,

183 1306 329 1360 .Mars,
370 1307 526 1362 Venus,
562 1308 797 1352 Mercurius
825 1327 963 1353 mense
1003 1311 1178 1362 Martio,
1209 1327 1315 1354 anno
1342 1318 1464 1359 1725.
1502 1311 1732 1368 proxitatis-

190 1389 294 1434 sent,
332 1382 521 1425 Sinenses
553 1383 840 1427 Mathematici
871 1385 1007 1428 statim
1039 1387 1274 1429 confinxere
1308 1387 1528 1444 quamdam
1565 1387 1731 1431 Saturni

192 1455 649 1514 appropinquationem,
678 1474 902 1517 eorumque
922 1476 1019 1502 cum
1041 1460 1137 1503 Sole
1160 1460 1364 1518 Lunaque
1383 1455 1730 1518 conjunctionem.

181 1530 305 1575 ,Mox
326 1531 571 1588 Imperatori
599 1533 876 1594 Yong-tcking
907 1528 1069 1582 libellos
1088 1535 1290 1588 obtulere,
1319 1544 1361 1578 et
1379 1536 1483 1578 hanc
1504 1535 1732 1579 renovatio-

188 1619 286 1647 nem
320 1605 552 1649 seculorum
585 1608 622 1650 ei
656 1607 845 1664 gratulati
876 1618 981 1652 sunt.
1057 1609 1157 1652 Hac
1191 1610 1242 1652 de
1273 1625 1316 1651 re
1342 1609 1528 1665 publicas
1564 1622 1745 1668 quoque·

190 1689 428 1736 magnatum
448 1681 739 1738 gratulationes
767 1682 931 1739 excepit
950 1682 1191 1739 Imperator.
1250 1681 1347 1740 Ipse
1371 1683 1486 1727 illam
1505 1682 1732 1741 conjuncti·

190 1769 313 1796 onem
333 1754 415 1797 suis
433 1755 474 1797 in
504 1755 647 1799 edictis
668 1755 888 1813 saepissime
907 1757 1157 1813 publicavit3
1189 1766 1230 1800 et
1259 1757 1434 1800 tribunal
1465 1756 1732 1820 Mathemati-

190 1843 286 1870 cum
300 1828 341 1871 in
361 1829 666 1873 memorialibus
688 1830 771 1874 suis
788 1830 1047 1874 historiarum
1069 1831 1182 1874 libris
1203 1831 1388 1889 scripsit:
1419 1836 1448 1857 “
1468 1831 1592 1875 Anno
1610 1831 1730 1876 tertio

190 1901 461 1958 Imperatoris
489 1901 783 1963 Yong-tclzing‚
819 1906 995 1948 secunda
1015 1905 1151 1958 Lan-21,
1181 1906 1258 1949 fuit
1289 1914 1446 1962 septem
1476 1905 1730 1963 planetarum

187 1977 467 2034 conjunctio.”
528 1978 653 2021 Pater
685 1978 855 2034 Kegler‚
896 1980 1113 2023 Societatis
1151 1980 1253 2023 Jesu
1280 1979 1618 2031 Mathematicus,
1652 1994 1730 2037 pro

189 2051 294 2094 virili
314 2060 431 2108 parte
462 2053 603 2096 enixus
630 2061 706 2107 est,
726 2062 772 2095 ut
792 2049 833 2096 id
854 2054 1182 2097 commentitium
1204 2063 1246 2097 et
1267 2054 1413 2097 falsum
1436 2069 1522 2096 esse
1543 2053 1731 2111 Impera-

190 2126 269 2169 tori
290 2128 562 2183 persuaderet.
624 2127 850 2170 Praevaluit
882 2128 1063 2171 Sinensis
1096 2128 1284 2171 adulatio.
1345 2127 1445 2171 Inde
1466 2128 1727 2170 manifestum

184 2210 266 2254 vest,
298 2200 424 2258 quam
455 2200 656 2244 levissime
678 2203 869 2246 adversus
893 2218 1029 2245 sacros
1058 2189 1279 2246 Hebraicae
1302 2203 1526 2260 Scripturae
1546 2202 1674 2246 libros
1704 2201 1732 2244 ὲ

190 2275 396 2319 nonnullis
427 2276 645 2332 objiciatur
673 2276 815 2319 similis
846 2278 1098 2335 conjunctiO,
1129 2293 1219 2335 quae
1247 2279 1374 2320 fertur
1403 2275 1621 2332 contigisse
1651 2277 1729 2319 sub

191 2351 390 2408 Principe
413 2351 453 2394 Τ
449 2351 734 2394 chonen-Hirr.
788 2351 929 2408 Hujus
952 2351 1217 2408 Imperatoris
1236 2351 1346 2394 initia
1367 2352 1416 2393 ad
1436 2366 1586 2393 annum
1601 2355 1730 2394 2510.

138 2416 141 2421 ¹
189 2434 366 2468 mortem
394 2426 444 2468 ad
466 2441 616 2467 annum
636 2430 765 2469 2483.
796 2436 890 2469 ante
916 2426 1064 2470 Jesum
1088 2426 1296 2469 Christum
1327 2426 1518 2468 referunt.
1578 2423 1730 2471 Mense

190 2508 328 2542 autem
369 2500 529 2543 Martio
573 2499 736 2542 Lunam
778 2502 999 2543 secundam
1033 2508 1245 2543 numerant
1285 2500 1490 2552 Sinenses,
1527 2499 1638 2557 quod
1675 2500 1730 2545 ab

189 2574 371 2630 ingressu
399 2572 508 2616 Solis
528 2573 577 2634 ⁴in
599 2572 758 2626 Pisces,
777 2590 860 2616 non
880 2575 990 2628 verb,
1007 2584 1052 2616 ut
1072 2590 1159 2626 nos,
1179 2577 1230 2617 ab
1262 2574 1444 2629 ingressu
1463 2572 1504 2616 in
1524 2573 1731 2624 Taurum,

191 2663 340 2695 annum
370 2647 584 2704 incipiunt.
643 2647 747 2691 Inde
777 2665 956 2706 quoque,
999 2650 1092 2692 cum
1123 2648 1260 2692 Judaei
1297 2648 1484 2691 Sinenses
1518 2648 1728 2704 Scenope-

189 2722 315 2778 giam,
346 2737 417 2764 seu
448 2722 598 2764 festum
629 2722 1021 2775 Tabernaculorum,
1055 2723 1228 2779 septimii
1257 2722 1378 2765 Luna
1396 2721 1661 2775 celebrarent,
1679 2728 1729 2764 ut

189 2794 366 2840 diximus
397 2812 520 2852 supra
547 2796 646 2839 Vol.
670 2811 746 2839 ιιι.
778 2813 820 2854 p.
845 2799 943 2848 695.
964 2798 1106 2844 eadem
1136 2814 1250 2844 more
1273 2797 1414 2840 Sinico
1438 2796 1556 2839 Luna
1584 2792 1727 2839 octavu

190 2871 490 2925 numerabatur,
505 2879 551 2914 ut
564 2871 690 2915 habet
708 2870 883 2929 epistola
903 2871 1037 2916 Patris
1056 2872 1290 2927 Domenge.

182 2953 198 2976 l
