1768 3236
104 195 199 239 J.C.
219 195 285 237 68.
410 192 553 233 LIBRI
586 191 788 256 DFJCIMI
821 190 979 228 SEXTI
1011 190 1328 245 ANNALIL'M.
1568 197 1645 238 493

103 301 153 351 in
191 310 242 350 se
278 309 444 348 cuncta
480 296 696 353 trahere‚·¹
738 304 790 343 ut
828 299 932 361 ante
969 294 1135 341 Galbae
1174 295 1422 342 adventum
1462 297 1642 346 firmati

105 377 389 435 auctoritate,
421 370 504 438 au‘t
531 372 762 421 secundus
782 371 830 417 in
852 371 1052 434 Imperio
1090 367 1263 435 ageret,
1297 385 1375 420 aut
1408 374 1446 421 si
1483 392 1646 435 senex,

105 467 199 504 tres
215 466 261 504 et
282 451 566 517 septuaginta
586 466 730 497 annos
752 459 904 506 natuS,
925 447 1097 495 itineris
1118 448 1438 514 defatigatione
1460 470 1645 502 occum-

104 535 253 590 beret,
306 530 402 594 ipse
457 538 710 592 capesseret
760 525 1040 588 Imperium:
1098 539 1314 589 reputans
1355 534 1387 556 “
1410 532 1646 593 praetorias

104 615 140 638 “
174 608 388 657 cohortes
415 606 605 653 dudum
645 603 932 660 favorabiles,
981 618 1106 650 nunc
1151 593 1350 653 donativi
1365 609 1380 627 2
1419 610 1644 670 promisso

104 691 140 716 “
174 680 426 750 obligatas:
462 699 601 746 penes
623 698 672 729 se
694 698 792 729 esse
814 692 957 727 totam
980 680 1254 729 liberalitatis
1277 672 1486 747 gratiam,
1520 688 1646 751 apud

102 769 139 793 “
173 763 376 812 Galbam
411 759 774 807 necessitatem.”
841 757 1058 816 Proinde,
1091 767 1150 805 ne
1180 763 1324 807 tantas
1353 768 1456 824 spes
1485 764 1646 826 praeci.

104 841 234 889 deret
254 835 470 904 Tigellini
492 836 713 894 societas,³
750 834 790 883 ei
813 835 966 899 gladio
988 834 1242 883 interdicit:
1278 836 1413 884 simul
1437 841 1645 889 consula-

101 931 194 976 reS,
228 915 513 978 ceterosque,
547 913 626 977 qui
665 913 893 961 exercitus
923 912 1234 976 provinciasve
1263 914 1375 962 olim
1411 930 1644 977 rexerant,

101 993 320 1043 conviviis
341 991 530 1055 aliisque
550 990 598 1037 id
617 1006 765 1054 genus
786 988 967 1036 lautitiis
1000 1001 1209 1053 occupat.
1277 990 1444 1039 Iisdem
1471 984 1645 1043 artibus

103 1089 190 1136 per
224 1083 370 1119 castra
391 1066 538 1134 gliscit
559 1067 775 1115 ambitio:
812 1066 998 1130 plurimi
1014 1067 1218 1131 jactitant
1253 1072 1288 1094 ‘⁶
1310 1068 1555 1119 mittendos
1586 1074 1644 1120 ad

103 1155 138 1178 “
175 1148 376 1197 Galbam
414 1146 624 1211 legatos,⁴
656 1145 735 1209 qui
764 1143 1103 1209 Nymphidium
1140 1156 1433 1208 perpetuum,
1467 1159 1514 1196 et
1547 1149 1644 1197 sine

101 1231 137 1256 ‘¹
170 1224 367 1292 collega,
400 1222 781 1288 praetorianorum
804 1219 1110 1285 praefectum’'
1135 1219 1396 1286 efflagitent.

172 1384 253 1430 90.
286 1380 401 1429 PAR
422 1378 470 1426 in
492 1388 652 1426 senatu
666 1380 681 1404 ⁵
716 1374 929 1424 adulatio.
997 1376 1154 1424 Patres
1188 1377 1285 1440 ejus
1314 1374 1491 1427 foribus
1528 1381 1642 1428 adsi-

105 1449 243 1508 dere:
307 1454 655 1505 beneficentiam
699 1455 912 1502 laudare:
979 1453 1192 1500 omnibus
1243 1447 1643 1506 senatusconsultis

103 1548 339 1586 auctorem
382 1533 564 1580 habere.
632 1532 763 1590 Inde,
809 1530 877 1578 uti
916 1529 1006 1578 fert
1044 1530 1286 1578 hominum
1324 1544 1502 1592 natura,
1541 1547 1642 1582 orta

103 1610 389 1678 Nymphidio
427 1608 700 1675 arrogantia,
734 1608 908 1656 senatui
942 1608 1125 1673 invidia,
1160 1608 1265 1656 dein
1296 1599 1459 1658 metus.
1530 1612 1640 1660 Cito

103 1705 297 1754 erupere
333 1688 432 1734 haec
472 1685 803 1734 discordiarum
841 1685 1026 1733 semina.
1094 1686 1267 1744 Patres,
1299 1687 1414 1734 cum
1441 1700 1642 1737 senatus-

101 1761 394 1830 consultum⁶
415 1764 473 1811 ad
499 1763 699 1811 Galbam
721 1779 804 1826 per
826 1762 1081 1810 tabellarios
1104 1779 1210 1810 suos
1233 1763 1472 1823 misissent,
1503 1756 1640 1814 dede-

102 1862 154 1892 re
203 1842 339 1890 simul
378 1840 645 1904 diplomata,
691 1839 840 1903 sigillo
876 1855 961 1886 suo
1005 1839 1256 1904 obsignata,
1306 1840 1434 1904 queis
1473 1843 1640 1906 oppida

103 1935 291 1968 cursum
353 1918 638 1966 celerarent.⁷
737 1916 1006 1965 Succensuit
1060 1917 1389 1980 Nymphidius,
1451 1932 1640 1983 questus

104 2002 138 2025 ‘⁶
172 1998 329 2045 Patres
371 2011 456 2042 nec
496 2011 581 2042 suo
619 1993 751 2059 signo
796 2010 881 2041 nec
926 1993 1209 2058 praetorianis
1254 2011 1388 2042 usos:
1478 2013 1638 2059 poenas

103 2074 256 2131 etiam,
290 2084 340 2120 ut
362 2070 483 2132 fama
504 2069 615 2130 fuit,
641 2071 961 2170 repetiturus,
967 2072 1014 2118 ni
1053 2069 1295 2134 supplices,
1330 2071 1637 2152 excusataque

102 2148 426 2215 imprudentia,
459 2148 638 2196 veniam
660 2146 961 2197 exorassent.8

161 2314 385 2353 'Trahere
413 2314 611 2353 Plutarch.
633 2315 670 2352 in
690 2315 831 2359 Galba,
905 2312 1053 2351 tantum
1073 2325 1171 2350 nova
1189 2312 1351 2362 dignitas
1373 2313 1634 2360 nuntiabatur,

11 2385 17 2388 >
108 2384 146 2421 p.
157 2366 283 2438 ²,1056
904 2367 967 2404 sed
983 2368 1075 2415 jura
1094 2379 1259 2417 quoque,
1284 2374 1328 2404 ut
1344 2366 1382 2403 in
1401 2367 1481 2417 lege
1502 2368 1637 2418 Regia,

54 2433 57 2435 ’
159 2420 411 2459 Donalivi.
469 2421 529 2458 De
565 2433 643 2471 quo
683 2420 830 2459 dictum
905 2422 951 2458 de
979 2432 1058 2469 qua
1086 2420 1257 2456 dicemus
1283 2420 1380 2457 infra
1398 2421 1496 2458 Hist.
1515 2433 1576 2459 xv:
1593 2420 1633 2459 6.

106 2488 221 2526 supra
238 2488 323 2524 cap.
346 2478 409 2511 85.
907 2473 1162 2525 proculdubio
1181 2474 1418 2523 prascribeb·
1411 2483 1536 2512 mtur.

158 2527 173 2548 ²
198 2526 562 2580 Tigellinisocietas.
609 2527 689 2572 Qui
712 2526 834 2577 Nym·
957 2523 972 2546 ⁷
1022 2526 1179 2564 Cursum
1224 2526 1445 2564 elevarent.
1522 2528 1633 2566 Hunc

104 2582 227 2635 phidii
263 2581 410 2631 collega
442 2588 521 2617 erat
545 2580 584 2618 in
608 2580 835 2630 praefectura
908 2593 1019 2618 unam
1037 2593 1194 2616 cursum
1228 2580 1418 2618 celerandi
1451 2582 1632 2619 rationem

107 2635 371 2687 praetoriarum
364 2613 624 2671 ‘'cohortium.
904 2640 1091 2684 repererat
1127 2638 1336 2682 Augustus.
1394 2634 1487 2671 Inde
1527 2638 1634 2685 apud

158 2687 178 2709 ⁴
205 2688 382 2739 Legatos.
440 2688 467 2724 l
471 2687 634 2725 lutarch.
653 2686 727 2724 loc.
749 2688 816 2725 cit.
906 2688 1096 2724 Romanos
1115 2691 1251 2724 cursus
1269 2687 1449 2737 publicus
1464 2688 1487 2725 ἐι
1506 2694 1632 2726 nostro

160 2738 174 2761 ⁵
204 2742 255 2779 In
272 2747 416 2779 senatu.
472 2740 670 2778 Plutarch.
692 2740 785 2776 ibid.
906 2753 976 2778 usu
997 2750 1035 2779 ct.
1054 2741 1256 2778 commodo
1274 2740 1441 2778 multum
1463 2744 1604 2782 aberat.

78 2837 82 2842 ,
161 2790 569 2833 “senatusconsultum
595 2793 838 2837 Plutarchus,
959 2790 974 2813 ⁸
1005 2793 1245 2843 Exorassem.
1304 2794 1499 2832 Plutarch.
1521 2795 1613 2832 ibid.

109 2847 202 2887 ibid.
257 2847 345 2886 Hoc
389 2847 718 2887 senatusconsulto
763 2858 869 2886 nonu
