1768 3236
293 171 374 209 AD
403 170 507 210 LIB.
524 169 614 208 'DE
641 169 893 226 MORIBUS
922 170 1350 212 GERMANORUM.
1524 176 1606 218 557

0 290 3 292 ’
53 282 140 317 tam
159 272 230 316 diu
250 273 418 316 domina
435 272 619 329 gentium
645 272 801 326 habita,
832 272 1059 316 deterrimae
1091 273 1339 317 conditionis
1372 275 1483 318 facta
1513 283 1603 330 est3

52 357 102 392 ut
120 356 233 405 patet
252 363 303 391 ex
326 347 442 405 Lege
459 347 773 404 Ripuariorum,
801 347 890 391 Tit.
911 362 1001 390 vn.
1031 349 1125 390 “de
1144 348 1389 392 Homicidio
1410 349 1606 406 ingenuo-

54 422 186 467 rum.”
209 447 215 452 ·
247 422 352 479 Leg.
376 437 409 464 1.
439 426 468 447 “
489 422 534 465 Si
555 422 646 479 quis
666 422 863 478 ingenuus
882 421 1091 465 hominem
1110 422 1331 479 ingenuum
1354 424 1605 480 Ripuarium

54 497 315 550 interfecerit,
344 496 532 540 ducentis
551 497 690 539 solidis
725 496 944 553 culpabilis
968 497 1220 555 judicetur.”
1248 509 1291 540 et
1308 498 1397 541 Tit.
1420 513 1604 543 xxxv1.

55 577 86 610 ‘.‘
92 573 145 615 de
166 571 350 615 Diversis
369 571 759 614 interfectionibus?
819 571 925 628 Leg.
948 586 980 614 1.
1011 576 1041 597 ⁴‘
1062 572 1108 615 Si
1129 572 1219 629 quis
1241 572 1464 628 Ripuarius
1484 575 1607 616 adve-

54 662 152 690 nam
184 646 388 688 Francum
416 646 679 699 interfecerit,
723 642 1080 688 ducentis‘solidis
1112 647 1329 703 culpabilis
1355 647 1607 705 judicetur.”
1639 651 1645 654 “

56 722 165 778 Leg.
183 728 225 764 2.
255 726 285 746 “
308 721 354 765 Si
388 721 479 778 quis
510 721 737 777 Ripuarius
769 722 964 763 advenam
987 720 1326 777 Burgundionem
1344 722 1606 777 interfecerit,

57 805 225 840 centum
244 796 454 852 sexaginta
473 795 613 838 solidis
634 795 853 852 culpabilis
871 795 1120 853 judicetur.”
1178 795 1284 852 Leg.
1304 802 1346 839 3.
1388 801 1414 821 “
1438 796 1483 839 Si
1515 797 1606 854 quis

59 871 286 928 Ripuarius
303 871 499 913 advenam
521 870 758 913 Romanum
794 854 1055 922 interfecerit,
1085 879 1254 913 centum
1285 870 1424 914 solidis
1458 871 1608 914 multe·

59 945 164 990 tur.”

7 1030 10 1031 ’
58 1021 312 1073 Fresionem‚
355 1019 420 1062 vel
455 1019 735 1077 Bajuvarfflm,
779 1028 850 1062 aut
892 1020 1102 1062 Saxonem
1132 1020 1397 1072 interfecerit,
1439 1030 1606 1063 centum

58 1096 270 1152 sexaginta
289 1095 437 1156 solidis*
451 1093 670 1150 culpabilis
682 1093 932 1151 judicetur.”
992 1093 1189 1136 Pluribus
1213 1094 1414 1148 abstineo,
1442 1111 1494 1138 ne
1514 1095 1608 1138 infi-

224 946 329 1002 Leg.
364 952 406 988 4.
449 949 479 971 “
499 945 547 987 Si
580 945 671 1002 quis
705 944 928 1001 Ripuarius
970 946 1167 987 advenam
1198 945 1492 999 Alamannum,
1532 962 1607 988 seu

57 1173 168 1213 nitus
187 1171 280 1213 sim.
341 1171 387 1213 Si
406 1170 496 1227 quis
515 1178 652 1211 autem
674 1168 980 1211 Germanorum
1001 1184 1135 1211 mores
1166 1169 1328 1225 penitus
1358 1185 1606 1226 cognoscere

59 1244 250 1298 voluerit,-
276 1260 419 1288 eorum
434 1244 546 1300 leges
566 1242 728 1286 evolvat
747 1242 995 1299 penitusque
1014 1242 1281 1298 introspiciat.

118 1319 213 1363 Pro
233 1320 367 1373 modo,
390 1334 529 1376 poena.
590 1317 706 1360 Bene
726 1317 941 1360 Acidalius
960 1326 1002 1360 et
1022 1316 1238 1362 Ernestus.
1297 1318 1418 1362 Male
1452 1328 1606 1366 veteres
1671 1373 1677 1375 ξ

24 1435 27 1436 ⁷
58 1395 271 1448 editiones,
298 1409 374 1452 pro
393 1393 512 1436 modo
525 1407 757 1450 poenarum.
1515 1380 1518 1383 ’

118 1469 404 1528 Pecorumque
435 1483 616 1512 numero.
674 1468 774 1511 Jam
793 1467 967 1510 vidimus
985 1483 1109 1524 supra
1140 1468 1180 1511 in
1211 1468 1332 1521 notis,
1355 1470 1479 1527 juxta
1495 1469 1606 1526 leges

60 1546 290 1597 Saxonum,
322 1543 671 1597 westfalaiorum‚
702 1541 1000 1598 Angrariorum
1032 1552 1075 1585 et
1111 1543 1426 1597 Ostfalaiorum,
1456 1544 1605 1588 multas

56 1634 233 1661 numero
263 1633 462 1675 pecorum
499 1617 624 1660 fuisse
661 1616 882 1660 exsolutas.
943 1616 1073 1659 Plura
1119 1618 1253 1660 adhuc
1286 1627 1328 1661 et
1361 1619 1439 1662 hac
1474 1620 1526 1662 de
1561 1636 1605 1663 re

59 1693 223 1737 curiosa
255 1694 406 1736 docent
434 1692 545 1749 leges
579 1691 891 1748 Ripuariorum‚
932 1691 1020 1734 Tit.
1056 1707 1235 1734 xxxvl.
1283 1697 1313 1717 “
1332 1693 1383 1735 de
1418 1693 1605 1737 Diversis

58 1767 455 1811 interfectionibus?
483 1767 589 1824 Leg.
615 1774 681 1809 ll.
712 1770 739 1791 “
761 1766 807 1808 Si
827 1765 917 1822 quis
937 1765 1213 1822 weregeldum
1233 1766 1293 1818 (id
1311 1775 1387 1819 est,
1418 1766 1604 1822 multem,

60 1858 134 1885 seu
154 1842 519 1900 compositionem)
554 1841 710 1884 solvere
729 1842 869 1893 debet,
901 1842 1049 1883 bovem
1083 1850 1305 1883 cornutum
1339 1841 1543 1884 videntem
1563 1850 1621 1885 et'

59 1931 204 1960 sanum
224 1933 301 1974 pro
321 1918 485 1959 duobus
515 1915 655 1959 solidis
685 1915 851 1967 tribuat,
879 1930 1047 1958 vaccam
1080 1923 1295 1957 cornutam
1326 1915 1530 1959 videntem
1564 1927 1607 1961 et

60 2007 199 2034 sanam
221 2007 298 2048 pro
317 2007 400 2034 uno
419 1991 553 2034 solido
574 1991 741 2042 tribuat,
771 2005 924 2047 equum
944 1990 1148 2032 videntem
1178 1998 1220 2032 et
1251 2005 1394 2032 sanum
1425 2006 1502 2047 pro
1532 2008 1604 2035 sex

59 2066 199 2110 solidis
216 2066 382 2119 tribuat,
412 2081 563 2123 equam
582 2064 785 2108 videntem
804 2073 847 2107 et
865 2079 1005 2107 sanam
1031 2080 1109 2120 pro
1127 2064 1258 2106 tribus
1277 2064 1417 2107 solidis
1437 2065 1603 2118 tribuat,

61 2150 219 2198 spatam
256 2157 352 2184 cum
388 2140 547 2197 scogilo
583 2140 644 2192 (id
677 2148 752 2191 est,
781 2138 962 2195 gladium
981 2154 1171 2181 ensemve
1205 2154 1300 2181 cum
1332 2139 1494 2195 vagina)
1527 2156 1603 2197 pro

57 2224 221 2272 septem
242 2215 380 2258 solidis
410 2215 579 2267 tribuat,
609 2226 769 2270 spatam
803 2215 958 2270 absque
990 2212 1148 2269 scogilo
1183 2228 1260 2269 pro
1296 2213 1426 2256 tribus
1463 2214 1602 2258 solidis

60 2290 230 2342 tribuat,
259 2289 448 2332 bruniam
479 2292 631 2332 bonam
665 2289 725 2340 (id
755 2297 831 2340 est,
862 2288 1035 2331 loricam
1071 2290 1242 2343 bonam)
1275 2304 1352 2344 pro
1385 2290 1602 2332 duodecim

60 2365 200 2408 solidis
220 2365 386 2417 tribuat,
417 2363 600 2406 helmum
621 2379 717 2406 cum
736 2362 889 2405 directo
917 2362 978 2415 (id
997 2370 1071 2415 est,
1101 2377 1258 2405 cassem
1278 2361 1487 2419 galeamve
1506 2381 1603 2407 cum

12 2470 18 2473 -
57 2439 198 2496 apice)
217 2455 294 2496 pro
314 2454 386 2481 sex
406 2438 547 2481 solidis
567 2438 736 2491 tribuat,
768 2436 1010 2492 bainbergas
1030 2438 1161 2479 bonas
1189 2436 1250 2488 (id
1269 2445 1344 2489 est,
1379 2437 1602 2481 foeminalia

59 2516 184 2566 bona,
223 2511 478 2571 armonrfor
498 2512 567 2555 tlte
585 2512 758 2570 thigks,)
776 2527 854 2568 pro
873 2527 945 2554 sex
965 2510 1105 2553 solidis
1125 2511 1289 2564 tribuat,
1318 2521 1481 2554 scutum
1504 2527 1601 2555 cum

58 2586 204 2631 lancea
233 2603 311 2644 pro
340 2589 503 2630 duobus
534 2586 673 2630 solidis
701 2587 870 2639 tribuat,
903 2595 1166 2642 acceptorem
1200 2601 1282 2627 non
1302 2586 1504 2628 domitum
1541 2588 1602 2641 (id

59 2671 136 2716 est,
173 2662 412 2719 accipitrem
435 2663 632 2719 juvenem
672 2677 747 2704 nec
790 2661 996 2703 venationi
1030 2660 1319 2715 exercitatum)
1357 2675 1435 2715 pro
1472 2660 1602 2703 tribus

61 2735 200 2779 solidis
245 2736 411 2789 tribuat,
460 2750 742 2780 commorsum
779 2734 987 2791 gruarium
1025 2735 1087 2787 (id
1115 2743 1191 2787 est,
1232 2733 1487 2790 accipitrem,
1530 2735 1602 2791 qui

61 2811 223 2854 mordet
258 2825 415 2867 gruem,
457 2826 531 2855 seu
587 2811 659 2868 qui
703 2811 745 2854 in
795 2809 1006 2855 venatione
1045 2824 1194 2865 gruum
1229 2818 1292 2852 est
1336 2809 1602 2864 exercitatus)
