1768 3236
318 197 398 237 AD
426 195 528 235 LIB.
556 193 633 233 DE
662 192 912 234 MORIBUS
940 192 1367 232 GERMANORUM.
1529 196 1610 236 553

79 312 87 319 '
129 299 251 343 CAP.
293 305 361 341 11.
402 297 738 340 Pertractentur.
798 294 990 348 Grotius,
1027 294 1240 337 Acidalius
1266 301 1310 337 et
1346 293 1614 338 Boxhornius

69 374 255 426 mallent,
286 378 634 431 praetr-ademtam
683 380 806 427 atque
856 370 913 412 ita
949 370 1152 412 edendum
1192 376 1332 412 censet
1377 368 1448 411 Cl.
1485 371 1536 413 de
1572 369 1615 415 la

73 448 269 492 Bleterie.
330 447 390 490 At
415 453 686 503 praetraclure
725 444 920 486 Latinum
950 459 1033 486 non
1057 453 1132 486 est.
1192 444 1362 509 Veteres
1395 444 1615 501 scriptores

73 522 228 574 dixere,
247 520 343 565 ante}
362 528 555 564 tractare.
615 520 687 563 Sic
708 519 930 563 Suetonius
950 518 991 561 in
1009 518 1191 574 August.
1210 533 1366 561 xxxv,
1397 523 1427 544 ‘⁶'
1443 518 1618 577 Sibique

73 596 247 640 instituit
285 595 455 639 consilia
493 595 634 637 *sortiri
672 594 896 645 semestria,
934 594 1029 635 cum
1069 592 1219 649 quibus
1257 594 1307 635 de
1344 593 1519 649 negotiis
1565 595 1618 636 ad

74 671 329 728 frequentem
350 678 535 712 senatum
549 668 776 711 referendis
795 668 889 711 ante
910 667 1140 710 tractaret.''
1197 665 1403 709 Praet‘erezi
1419 675 1620 724 praetrac-

76 753 213 789 tentur
243 744 435 801 frigidum
467 745 586 796 foret,
617 751 659 785 et
683 742 709 784 εὶ
738 742 876 785 Taciti
905 750 1044 784 mente
1061 741 1254 784 alienum.
1315 741 1452 784 Paulo
1472 742 1620 784 melius

77 819 233 862 Illustr.
258 819 452 871 Huefius,
466 803 794 874 pertractentitr,
813 815 1007 873 explicat,
1024 815 1142 874 quasi
1149 814 1300 872 populi
1317 815 1487 858 decretis
1498 816 1622 873 prin-

79 894 187 951 cipes
205 892 457 936 intercedere
461 893 632 949 possint.
847 927 849 931 .
1220 925 1231 943 ,

88 992 91 993 ’
139 968 358 1012 Incidet-it.
397 967 469 1009 -In
478 966 623 1009 MSS.
643 965 777 1008 Vatic.
798 974 840 1008 et
858 965 1104 1008 editionibus
1124 964 1339 1016 veteribus,
1354 963 1517 1007 incidit.

139 1042 540 1100 Auspicatissv'mum.
601 1040 717 1083 Bene
749 1039 994 1082 Beroaldus.
1053 1035 1103 1081 In
1128 1038 1332 1082 veteribus
1361 1038 1623 1092 editionibus,

80 1117 464 1174 uuqricacissimum.

66 1240 67 1243 Ἴ
108 1190 109 1196 ’
143 1190 233 1234 Nec
267 1199 313 1234 ut
333 1191 460 1250 jeessi.
518 1190 584 1234 Ita
615 1190 753 1234 MSS.
774 1189 1045 1232 Vatic.1862
1065 1198 1108 1230 et
1142 1193 1267 1231 1518.
1326 1187 1454 1235 Quod
1475 1187 1624 1230 merito

82 1268 356 1322 probaverant
390 1265 555 1322 Lipsius
576 1273 617 1307 et
638 1265 852 1307 Emestus.
883 1295 886 1297 -
913 1262 963 1305 In
986 1262 1088 1305 MS.
1109 1262 1244 1304 Vatic.
1263 1267 1392 1310 4498.
1420 1270 1462 1304 et
1482 1261 1628 1305 veteri-

86 1341 166 1382 bus
192 1340 451 1397 editionibus,
481 1355 554 1383 nec
570 1340 695 1398 jussi.
756 1339 860 1381 MS.
880 1337 1024 1380 vatic.
1045 1338 1174 1384 2964.
1206 1352 1277 1379 nec
1306 1335 1463 1393 injussi.
1523 1336 1628 1379 MS.

86 1414 288 1458 Arundel.
307 1430 378 1458 nec
397 1416 586 1472 utjussu.

95 1518 98 1521 -
123 1512 127 1519 ·
150 1488 312 1534 Quibus
331 1496 429 1532 tum.
492 1488 615 1531 Male
637 1488 774 1531 MSS.
795 1486 931 1529 Vatic.
953 1486 1121 1528 1862-et
1139 1487 1269 1534 2964.
1283 1485 1432 1543 quibus
1450 1493 1600 1528 tamen.

95 1561 99 1564 ’
125 1581 127 1585 ’
153 1562 209 1606 Ut
229 1563 358 1607 turbas
371 1562 550 1620 placuit.
610 1561 785 1614 NIelius,
804 1569 850 1604 ut
880 1560 1002 1603 turba
1019 1560 1196 1616 placuit,
1218 1560 1260 1602 id
1279 1569 1354 1612 est,
1374 1560 1469 1602 satis
1489 1575 1631 1603 nume-

90 1625 183 1680 rosit
213 1637 298 1680 visa
329 1648 406 1680 est.
481 1637 551 1680 Sic
591 1637 760 1693 quoque
789 1635 953 1678 volebat
984 1634 1238 1688 Gronovius,
1269 1644 1391 1691 atque
1420 1634 1478 1676 ita
1504 1634 1633 1676 edidit

93 1710 161 1755 CL
183 1711 439 1754 Lallemand.
498 1711 653 1753 Verum
674 1711 769 1752 cum
799 1709 926 1751 ceteri
945 1724 1089 1751 omnes
1109 1707 1203 1750 libri
1224 1709 1416 1762 habeant,
1436 1716 1481 1751 ut
1501 1709 1632 1752 turba

79 1816 81 1818 -
86 1785 262 1843 placuit,
283 1795 404 1844 atque
419 1785 461 1827 id
480 1801 646 1843 quoque
669 1785 863 1827 Latinum
883 1783 950 1835 sit,
968 1782 1066 1825 nihil
1087 1783 1254 1825 mutavi.

152 1939 273 1982 CAP.
308 1946 374 1983 12.
407 1939 639 1983 Arboribus
672 1938 937 1996 suspendunt.
998 1936 1140 1987 Quam
1170 1936 1346 1994 graviter
1383 1939 1634 1995 punirentur,

96 2014 167 2072 qui
205 2030 297 2056 reos
335 2014 430 2056 inde
467 2014 764 2070 deposuissent,
809 2011 999 2056 aestimari
1048 2020 1189 2069 potest
1225 2028 1275 2054 ex
1326 2012 1441 2068 Lege
1480 2013 1637 2068 Salicfi,

95 2088 183 2132 Tit.
217 2102 357 2131 mclx,
390 2088 495 2144 Leg.
522 2095 557 2130 l.
601 2092 628 2114 “
649 2088 695 2130 Si
730 2087 821 2145 quis
849 2087 1057 2130 hominem
1088 2086 1223 2129 vivum
1253 2087 1304 2129 de
1335 2087 1454 2130 furca
1492 2087 1637 2131 tollere

98 2162 389 2218 praesumserit,
415 2171 456 2205 et
486 2162 585 2218 fug&
612 2162 751 2219 lapsus
781 2161 916 2214 fuerit,
945 2160 1014 2204 ille
1041 2160 1112 2218 qui
1129 2176 1224 2203 eum
1254 2160 1404 2213 tulerit,
1424 2169 1494 2204 aut
1513 2162 1638 2205 vitam

100 2251 179 2293 pro
226 2237 319 2292 ipso
355 2237 528 2289 amittat,
577 2246 647 2279 aut
680 2251 772 2278 vm
817 2250 870 2278 Μ.
903 2237 1001 2278 den.
1042 2235 1114 2291 qui
1143 2235 1299 2278 faciunt
1345 2218 1512 2288 solidos,
1562 2250 1639 2279 cc.

101 2310 319 2366 culpabilis
350 2310 600 2367 judicetur.’'
660 2310 730 2353 Ne
770 2318 978 2353 mortuum
1019 2309 1184 2366 quidem
1224 2309 1430 2365 deponere
1474 2310 1640 2355 licebat.

101 2385 211 2427 lbid.
250 2384 355 2440 Leg.
394 2391 437 2428 4.
498 2385 594 2428 “·Si
624 2385 714 2442 quis
742 2384 826 2426 sine
856 2399 1055 2426 consensu
1080 2382 1247 2440 judicis,
1293 2382 1354 2425 de'
1388 2399 1520 2439 ramO,
1569 2387 1643 2430 ubi

103 2458 349 2509 incmcatur,
399 2459 604 2515 deponere
661 2458 949 2515 praesumserit,
1000 2471 1118 2500 mcc.
1171 2459 1308 2504 denar.
1366 2459 1438 2516 qui
1490 2460 1647 2504 faciunt

104 2532 258 2575 solidos
299 2548 423 2575 xxx.
467 2532 684 2588 culpabilis
722 2531 971 2590 jufficetur.”-
1029 2532 1095 2574 Ita
1133 2540 1271 2574 autem
1313 2549 1532 2589 suspensos
1576 2535 1646 2579 diu

104 2606 250 2648 vixisse
280 2615 394 2662 patet
417 2622 469 2649 ex
501 2607 675 2650 Riculso
701 2606 868 2657 clerico,
896 2607 948 2648 de
966 2622 1051 2663 quo
1069 2606 1571 2662 Gregorius'ruronensis,
1604 2626 1645 2655 v,

106 2687 176 2724 50.
208 2685 238 2705 “
257 2681 329 2722 Ab
358 2680 463 2723 hor&
500 2680 622 2727 tertia
652 2681 746 2732 diei,
785 2679 973 2723 revinctis
1004 2689 1102 2737 post
1131 2689 1290 2736 tergum
1321 2683 1524 2735 manibus,
1561 2701 1650 2728 sus-

106 2770 258 2811 pensus
277 2755 328 2796 ad
347 2757 534 2797 arborem
554 2755 836 2811 dependebat3
875 2756 926 2797 ad
954 2755 1099 2798 horam
1126 2756 1223 2797 vero
1244 2771 1391 2799 nonam
1407 2758 1651 2813 depositus,

109 2830 381 2887 extensus‘que
432 2830 484 2871 ad
532 2828 722 2881 trocleas,
767 2829 1002 2872 caedebatur
1047 2829 1236 2882 fustibus,
1282 2830 1416 2886 virgis,
1462 2847 1511 2874 ac
1552 2831 1650 2876 loris

110 2902 357 2959 duplicibu3‚
396 2911 439 2946 et
475 2919 557 2953 non
594 2905 646 2946 ab
680 2918 781 2956 uno,
817 2902 879 2947 vel
910 2905 1084 2958 duobus,
1118 2904 1186 2946 sed
1208 2908 1307 2964 quot
1328 2905 1522 2947 accedere
1544 2905 1652 2951 circa
