1768 3236
166 202 246 245 462
725 194 1173 239 SUPPLEMENTUM
1429 203 1480 241 A.
1496 201 1546 243 U.
1555 203 1603 245 C.
1618 207 1717 246 820.

166 310 393 379 quosdam
422 319 519 355 non
553 302 658 353 satis
698 300 870 361 favere,
916 301 1029 351 alios
1061 302 1265 352 invidere
1309 310 1553 356 causatus.
1600 306 1736 366 Inde

166 396 379 455 equester
412 385 528 433 ordo
567 383 809 430 damnatus
841 380 953 440 voti,
1001 398 1095 445 quo
1135 381 1339 430 obstricti
1368 385 1661 451 Augustani
1651 388 1714 436 οὐ

165 463 366 529 Principi
414 473 608 511 statuam
654 458 780 506 mille
825 458 1011 522 pondo'
1063 458 1291 522 posituros
1331 462 1711 524 sposponderant.
1731 525 1734 529 Δ

168 543 313 609 Quod
334 540 449 590 vero
472 537 688 595 atrocius,
718 535 898 601 Pythici
920 551 1198 624 cognomen,
1233 554 1261 585 a
1283 538 1531 602 majoribus
1552 555 1712 604 accep-

165 634 286 681 tum,
326 616 529 706 Sulpicio
576 613 823 664 Camerino
867 613 917 661 in
954 613 1204 690 perniciem
1243 614 1393 674 cessit,
1433 616 1578 681 quasi,
1617 616 1709 666 hoc
1735 651 1753 665 2

164 708 362 756 retento,
411 696 459 743 in
493 692 706 758 Pythicas
743 690 944 739 Neronis
979 691 1188 755 victorias
1226 691 1348 778 foret
1381 692 1579 758 impius:
1630 694 1709 783 tali

167 775 357 826 crimine
378 771 545 821 inretiti
567 781 695 835 pater
717 768 930 833 filiusque
952 747 1193 818 cecidere.2

231 919 312 981 56.
350 932 601 979 GRAva
618 925 769 974 adhuc
792 924 1021 972 malorum
1039 924 1185 982 moles
1203 923 1428 990 incubuit,
1444 926 1559 975 cum
1575 925 1712 977 furor

164 1009 347 1059 incessit
367 1007 596 1055 Isthmum
621 1001 969 1052 Corinthiacum
983 1005 996 1030 ³
1031 1003 1273 1068 navigabili
1295 1004 1425 1052 alveo
1447 1003 1709 1069 perfodere»

165 1087 312 1152 Quod
347 1085 535 1151 quidem
565 1098 661 1130 non
689 1079 884 1145 ‘publica
913 1079 1133 1129 utilitate⁴
1167 1093 1449 1145 susceptum,
1489 1081 1570 1130 sed
1600 1080 1709 1146 quia⁴

163 1175 375 1214 naturam
414 1162 615 1219 vincere,
656 1170 701 1206 et
735 1157 762 1205 a
801 1156 1042 1206 Demetrio
1080 1174 1208 1224 rege,
1243 1157 1462 1207 dictatore
1501 1159 1708 1219 C‘aesar'e3

163 1241 373 1306 Gaioque
396 1237 619 1301 «Principe
656 1235 885 1305 incassum
919 1245 1088 1283 tentata
1102 1237 1116 1263 ³
1161 1235 1368 1301 exsequi,
1412 1234 1709 1301 splendidum

164 1320 426 1367 haberetur.
495 1313 647 1363 Tanta
686 1314 821 1362 laude
861 1315 958 1379 jam
992 1312 1145 1361 animo
1183 1313 1523 1379 praeoccupata,
1555 1315 1709 1374 Nero,

165 1397 266 1446 dux
287 1394 455 1461 operis,
477 1393 631 1460 ligone
653 1408 794 1441 aureo
816 1389 988 1441 fossam
1007 1389 1310 1459 adgreditur,⁶
1333 1396 1367 1420 “
1381 1403 1434 1441 ut
1454 1391 1546 1441 sibi
1560 1405 1708 1458 popu-2

223 1612 235 1631 ¹
266 1611 379 1652 Mille
394 1613 531 1664 pondo.
587 1613 678 1661 Dio,
711 1626 841 1652 anr.
862 1629 900 1666 p.
971 1615 1007 1653 id
1029 1627 1066 1652 es
1070 1618 1097 1659 t,
1118 1612 1223 1651 Nero
1244 1580 1542 1660 CaesarNJupicer
1568 1608 1702 1646 libera·

166 1672 259 1712 723.
316 1668 356 1706 Si
391 1680 506 1705 aurea
539 1668 613 1706 fuit
642 1668 724 1706 haec
759 1667 899 1715 statua,

163 1723 243 1771 sine
274 1722 500 1772 manipretio
535 1722 707 1760 constitit
736 1722 900 1772 Anglice

165 1776 319 1815 circiter
337 1776 514 1820 40,000l.
545 1776 586 1814 Si
606 1776 692 1813 vero
710 1784 900 1826 argentea,

162 1830 327 1881 Anglice
348 1830 501 1868 circiter
520 1830 655 1873 27505.
676 1830 780 1880 quod
802 1830 899 1868 infra

163 1883 280 1935 hujus
297 1884 418 1922 aetatis
436 1883 576 1922 luxum
594 1890 632 1921 et
652 1884 817 1922 Neronis
837 1897 901 1921 va-

164 1939 339 1982 nitatem

218 1989 451 2030 ²Cecidere.
499 1992 590 2037 Dio,
607 1991 702 2030 ibid.
733 1991 792 2029 De
811 1991 899 2029 Sul·

163 2046 267 2096 picio
285 2045 487 2084 Camerino
504 2058 621 2128 supra
634 2046 775 2084 Annal.
797 2058 900 2084 xul.

218 2151 234 2172 ³
264 2152 446 2191 Isthmum
469 2138 780 2193 Corinthiacum.
816 2154 898 2192 Ad-

164 2214 318 2245 ventum
346 2208 507 2245 Neronis
532 2208 776 2250 Corinthum,
807 2221 895 2245 con⁴
898 2245 902 2249 ,

163 2262 370 2311 siliumque
398 2261 632 2312 perfodiendi
656 2262 802 2307 Isthmi,
835 2262 896 2300 tlze

164 2315 319 2353 isthmus
337 2315 385 2365 of
396 2315 567 2362 Corinth,
583 2323 770 2354 testantur
786 2329 896 2353 num-

138 2375 144 2381 ‘
164 2369 217 2406 mi
238 2369 408 2420 plurimi,
424 2377 508 2407 tum
529 2370 668 2416 Latini,
688 2378 770 2407 tum
790 2370 899 2408 Grae-

165 2423 215 2470 ci,
256 2422 451 2472 inscripti:
494 2425 636 2462 ADV.
667 2424 808 2461 AVG.
837 2424 895 2461 vel

164 2476 510 2515 ADVENTVS
534 2478 675 2515 AVG.
705 2477 840 2515 COR.
859 2485 897 2515 et

164 2534 466 2566 ΠΟΣΕῙΔΩΝ
513 2536 772 2575 ῙΣΘΜῙΟΣ,
828 2538 898 2569 aut

163 2586 297 2620 ΖΕΥΣ
330 2589 590 2620 ΙΣΘΜΙΟΣ.
651 2585 799 2634 Nempe
822 2585 897 2622 Co-

163 2637 291 2675 rinthii
307 2637 497 2675 Neronem
508 2638 734 2688 Neptunum
745 2638 897 2677 Jovcm-

162 2704 239 2741 que
275 2690 478 2728 Isthmium
509 2692 768 2742 appellabant,
795 2691 897 2729 sicut

163 2745 202 2782 in
233 2744 399 2783 nummis
427 2745 714 2795 Magnesiorum
750 2745 893 2796 Lydiae,

163 2811 258 2849 quos
287 2797 500 2848 publicavit
527 2798 588 2838 Cl.
621 2798 796 2845 Pellcrin,
825 2798 899 2836 Re-

163 2852 260 2890 cuez'l
277 2853 320 2890 de
338 2851 540 2890 Medailles
557 2853 602 2890 de
616 2853 773 2903 Peuples
800 2858 836 2890 et
855 2852 899 2889 de

167 2905 297 2953 Villes,
313 2905 387 2943 vol.
404 2917 473 2943 ΙΙΙ.
487 2919 525 2957 p.
539 2909 630 2944 235.
648 2907 792 2944 dicitur
811 2911 896 2943 NE.

161 2966 273 2999 ΚΑΙ.
337 2965 470 3002 ΖΕΥΟ
534 2964 845 2999 ΕΛΕΥΘΕΡΙΟ
859 2965 901 3008 C,

970 1676 1043 1707 tor.
1102 1667 1282 1712 isthmus,
1311 1671 1403 1702 teste
1424 1662 1562 1707 Plinio,
1583 1674 1643 1700 lv.
1662 1667 1702 1714 4.

969 1729 1073 1774 patet
1090 1721 1261 1771 quinque
1280 1718 1403 1757 millia
1421 1729 1616 1768 passuum.
1663 1730 1666 1731 ⁷
1706 1733 1710 1750 1

1018 1773 1037 1797 4
1082 1773 1244 1814 Publica
1288 1772 1469 1810 utilitate.
1537 1770 1704 1810 Publica.

966 1829 1123 1880 quidem
1154 1829 1227 1866 hoc
1249 1827 1288 1864 in
1304 1838 1416 1877 opere
1441 1824 1572 1862 suisset
1595 1820 1706 1870 utili·

967 1889 1036 1931 tas,
1065 1884 1115 1921 ob
1135 1882 1289 1932 longum
1307 1887 1347 1918 et
1361 1879 1568 1930 ancipitem
1596 1878 1709 1916 navi»-

968 1950 1032 1975 um
1079 1936 1283 1981 ambitum,
1340 1947 1435 1984 quas
1480 1931 1708 1982 magnitudo

966 1990 1144 2041 plaustris
1174 1988 1361 2028 transvehi
1388 1985 1636 2038 prohibebat„
1656 1990 1702 2023 ut

965 2045 1021 2082 ait
1040 2044 1201 2089 Plinius,
1229 2043 1306 2080 loc.
1326 2042 1393 2080 cit.
1449 2042 1503 2079 At
1520 2053 1607 2078 eam
1626 2036 1702 2077 nim

965 2100 1164 2148 spectabat
1183 2097 1300 2141 Nero,
1320 2094 1525 2148 portentosi
1549 2093 1700 2133 tantum

968 2150 1295 2244 Ορὲΐίῗξιὲῗῖἲιε
1306 2203 1429 2241 Immo
1459 2209 1496 2239 et
1520 2200 1700 2262 irgfausto,

968 2266 1012 2298 ut
1046 2259 1202 2298 omnium
1234 2257 1361 2308 patuit
1390 2257 1503 2302 exitu,
1541 2256 1704 2306 incepto,

971 2313 1068 2351 Plin.
1087 2313 1163 2351 loc.
1184 2313 1251 2350 cit.
1309 2311 1458 2361 Nempe
1478 2309 1602 2348 xi'ctus
1622 2310 1700 2347 De-

969 2368 1138 2414 metrius,
1157 2367 1194 2404 in
1213 2363 1388 2404 custodia
1406 2363 1530 2415 periit.
1569 2357 1700 2402 Julius

970 2421 1109 2465 Caesar,
1139 2421 1257 2459 Caius
1276 2417 1466 2468 Caligula,
1486 2417 1603 2464 Nero,
1622 2417 1701 2455 vio-

968 2474 1071 2512 lenta
1089 2483 1210 2512 morte
1226 2473 1455 2511 occubueie.

1020 2525 1036 2546 ⁶
1066 2528 1216 2567 Fossam
1248 2525 1486 2576 adgreditur.
1541 2525 1699 2564 Sueton
1755 2546 1768 2550 -

968 2582 1006 2619 in
1027 2583 1120 2620 Ner.
1140 2593 1237 2619 xm.
1285 2580 1335 2617 In
1354 2577 1500 2617 Λοήαἰά
1515 2579 1701 2618 Isthmum
1763 2592 1768 2597 ¹

963 2636 1162 2686 perfodere
1206 2646 1419 2685 aggressm,
1452 2632 1700 2683 pratariam„

964 2702 1036 2739 pro
1068 2690 1238 2728 concione
1260 2689 1310 2726 ad
1334 2686 1577 2724 inchoandum
1608 2699 1702 2737 opu

970 2743 1185 2783 cohortatus
1213 2748 1294 2780 est:
1325 2739 1485 2791 tubdque
1501 2740 1610 2791 signo
1629 2740 1700 2777 da-

971 2803 1023 2843 to,
1048 2798 1190 2847 primus
1208 2795 1362 2834 rastello
1380 2794 1524 2832 humum
1554 2793 1701 2842 effodit,

970 2856 1007 2888 et
1026 2852 1184 2889 corbulae
1202 2854 1411 2900 congestam
1424 2847 1582 2886 humeris
1597 2852 1702 2886 erm-e

971 2905 1030 2942 lit.
1087 2903 1217 2942 Multa
1247 2914 1402 2953 quoque
1419 2901 1492 2939 hac
1511 2901 1558 2938 de
1576 2913 1616 2938 re
1634 2899 1702 2938 ha·-

972 2959 1063 2997 bent
1086 2958 1176 3005 Dio,
1205 2947 1701 3009 Lx111.p.722.1³hi10-
