1768 3236
1379 54 1399 67 d

157 190 236 231 472
685 178 1135 220 SUPPLEMENTUM
1410 181 1461 219 A.
1478 181 1528 220 U.
1542 182 1589 221 C.
1607 180 1702 222 821.

164 295 194 318 “
217 292 352 339 Dura
373 288 432 336 ad
456 283 696 335 crastinam
719 283 872 343 diem3
893 299 993 331 cras
1015 282 1128 330 mihi
1150 280 1341 347 gratiam
1365 282 1578 332 referes.''
1611 283 1722 333 Hic'·

164 367 363 427 novitate
403 364 498 429 spei
537 374 758 420 arrectus,
792 362 1025 425 verbaque
1063 377 1220 408 secum
1266 371 1497 424 reputans,
1537 362 1707 411 atrocia
1739 367 1743 372 '

164 443 434 507 introspicit,
468 452 690 506 paratque
711 439 948 497 indicium,
982 439 1031 485 in
1053 456 1147 502 quo
1171 438 1324 485 salutis
1347 450 1486 497 certa,
1508 439 1708 503 plurima

164 521 365 569 fortunae
410 536 527 583 spes.
597 519 669 565 Ut
711 533 867 566 coram
906 516 1097 563 Nerone
1136 515 1318 573 adstitit,
1360 516 1512 563 audita
1550 513 1711 565 refert?

167 600 316 656 Reus,
339 587 578 645 confestim
596 595 643 642 in
656 594 805 642 vincla
826 604 999 657 raptus,
1015 593 1252 640 tormentis
1270 592 1492 654 subditur.
1528 595 1710 642 Adver-

166 677 275 725 sum
298 677 490 724 verbera
512 685 555 720 et
578 674 707 737 ignes
729 671 936 735 primum
960 671 1192 734 pervicax,
1229 669 1403 718 factum
1426 681 1591 736 negat:
1627 671 1735 719 sod*

167 753 375 818 supplicii
421 750 713 800 diuturnitate
757 749 920 808 victus,
968 748 1093 814 aegre
1139 749 1335 812 prolato,
1387 749 1518 812 quod
1553 747 1713 806 leviter

171 831 450 897 prodiderat,
470 846 518 876 se
541 828 780 891 sociosque
804 827 1013 875 eamdem
1035 827 1082 873 in
1105 826 1284 873 ruinam
1308 825 1522 874 detrudit.
1557 825 1714 891 Multo

171 909 391 974 sanguine
410 905 590 970 expiata
614 904 944 970 conjuratione,
967 903 1312 967 superstitionis,
1347 904 1478 968 cujus
1498 902 1714 951 instinctu

172 988 350 1034 detecta
389 984 678 1040 credebatur,
712 982 834 1045 apud
857 980 1118 1044 Principem
1152 980 1293 1041 crevit
1327 980 1503 1027 honos:
1540 978 1715 1029 addidit

173 1063 467 1131 haruspicum
490 1059 754 1125 extispicia‚¹
791 1070 841 1110 ut
865 1060 1010 1126 major
1033 1058 1269 1109 accederet
1291 1056 1521 1105 securitas.

246 1225 323 1266 66.
360 1219 765 1266 INCOLUMITATI
791 1216 905 1263 cum
926 1214 987 1261 ita
1009 1212 1166 1261 fuisset
1189 1213 1470 1272 consultum,
1503 1211 1719 1261 intentior

177 1296 263 1356 fuit
303 1294 542 1343 libidinum
582 1311 706 1342 cura.
775 1292 897 1341 Juvit
931 1308 1005 1339 eas
1039 1291 1319 1338 abscondere
1341 1291 1554 1355 Neapoli,
1589 1290 1720 1355 quod

178 1374 241 1423 ibi
283 1374 388 1438 plus
434 1372 716 1429 deliciarum,
765 1370 915 1417 minus
954 1369 1157 1433 periculi.
1228 1369 1455 1434 Vigebant
1499 1367 1720 1427 maxime,

181 1451 369 1516 quando
411 1449 593 1514 gravior
629 1460 790 1497 exorta
812 1459 879 1497 est
902 1447 1120 1511 procella,
1156 1464 1295 1511 quam
1324 1463 1409 1494 nec
1446 1444 1721 1509 superstitio,

181 1523 266 1576 nec
290 1528 357 1575 vis
378 1527 618 1590 Principis,
653 1543 737 1575 nec
776 1525 1036 1579 continuata
1069 1535 1138 1571 tot
1168 1540 1310 1571 annos
1335 1525 1574 1572 Caesarum
1595 1510 1723 1571 revess

181 1606 326 1654 rentia
371 1614 608 1651 averteret.
677 1603 862 1651 Initium
902 1602 1062 1650 habuit
1100 1602 1147 1648 in
1189 1586 1365 1666 Galliis.
1433 1599 1723 1649 Provinciam

182 1700 268 1748 pro
292 1692 489 1746 praetore
511 1681 743 1729 obtinebat
768 1682 824 1728 C.
849 1679 1233 1747 JuliusVindex,²
1267 1668 1562 1742 Aquitanus,³
1584 1675 1726 1741 stirpe
1761 1732 1764 1734 ,

184 1758 311 1825 regia
334 1759 574 1816 oriundus,
604 1757 743 1805 animi
766 1757 1030 1820 consiliique
1051 1756 1231 1821 ingens,
1253 1766 1382 1804 tanto
1405 1754 1569 1813 acrior,
1593 1752 1725 1818 quod

185 1836 394 1904 pluribus
417 1835 445 1883 a
460 1835 576 1903 vitiis
597 1835 788 1901 integer.
829 1870 837 1877 .
857 1834 928 1882 Illi
950 1851 1045 1882 non
1067 1823 1265 1891 avaritia,
1287 1849 1383 1880 nor-1
1404 1830 1608 1890 ambitiO,
1629 1846 1726 1878 non

185 1914 371 1974 invidia,
386 1945 389 1946 ν
404 1913 484 1961 sed
524 1913 668 1965 laudis
709 1912 897 1980 cupidO,
944 1911 1160 1959 libertatis
1200 1909 1420 1970 studium,
1461 1907 1728 1972 propudiosi

189 1990 411 2056 Principis
435 1990 611 2049 odium,
647 1991 777 2055 cujus
810 1986 1235 2054 flagitia'pertaeSUS,
1268 1986 1506 2051 publicum
1527 1985 1730 2044 ‚dedecus

164 2087 166 2090 ’
190 2058 487 2136 propulsandi
508 2067 733 2138 impetum
756 2066 892 2135 cepit.
1276 2057 1279 2061 ’

251 2289 263 2307 ¹
294 2289 518 2339 Extispicia.
575 2289 730 2328 Sueton.
761 2290 798 2327 in
831 2289 925 2328 Ner.
998 2289 1209 2328 Cuminum
1223 2287 1405 2338 pallorem
1425 2284 1628 2324 bibentibus
1642 2284 1732 2337 gig-

199 2356 288 2382 LVI.
343 2344 402 2380 Dc
435 2342 702 2394 haruspicibus
734 2342 927 2395 extispicis
1001 2344 1072 2382 nit.
1127 2343 1195 2380 Ita
1221 2341 1322 2379 certe
1340 2339 1482 2392 ferunt
1509 2338 1639 2377 Porcii
1657 2337 1732 2377 La-

192 2399 273 2447 jam
295 2396 441 2434 dictum
459 2409 575 2448 supra
584 2398 724 2435 Annal.
742 2410 800 2435 XI.
826 2401 887 2435 15.
1003 2398 1136 2442 tronis,
1165 2394 1260 2433 clari
1277 2394 1376 2432 inter
1395 2393 1594 2443 magistros
1612 2392 1735 2431 dicen-2

253 2447 270 2466 ²
299 2450 341 2488 C.
370 2450 497 2499 Julius
514 2456 515 2459 ’
532 2450 687 2498 Vindex.
746 2452 854 2499 llaec,
892 2456 930 2497 ct
1005 2452 1055 2497 di,
1084 2453 1340 2494 assectatores,
1372 2446 1648 2485 similitudinem
1674 2456 1734 2485 co·

174 2541 177 2543 ,
200 2516 286 2554 quae
316 2504 362 2540 de
393 2503 558 2541 Vindice
592 2511 815 2555 sequuntur,
847 2517 931 2555 pro·
1006 2506 1097 2542 loris
1115 2502 1249 2542 studiis
1269 2500 1453 2539 contracti
1475 2499 1665 2539 imitatos:
1693 2503 1734 2538 ee

201 2558 298 2595 dunt
322 2557 411 2602 Dio,
442 2569 570 2595 inu.
597 2571 636 2608 p.
661 2562 753 2602 724.
776 2559 932 2605 Suetom
1003 2558 1114 2609 paulo
1131 2556 1217 2594 ante
1234 2554 1379 2593 Julium
1403 2553 1590 2592 Vindicem
1615 2564 1737 2592 aster·

201 2612 241 2649 in
263 2611 353 2647 Ner.
374 2621 446 2648 XL.
468 2609 667 2649 Plutarch.
683 2612 720 2648 in
734 2611 879 2656 Galba,
895 2625 931 2662 p.
1006 2618 1120 2650 torem
1158 2610 1262 2647 illum
1297 2608 1322 2646 ὰ
1349 2607 1504 2645 Nerone
1535 2603 1736 2652 libeiaeatiae,

206 2667 321 2703 1054.
381 2665 580 2714 Perperam
616 2673 740 2703 tamen
781 2665 930 2703 Plutar—
1007 2665 1217 2714 captatione
1246 2660 1456 2700 testamenti
1479 2660 1534 2698 sic
1552 2659 1738 2698 lenocina-

206 2717 303 2762 chus
339 2714 450 2759 Ἰόνιος
492 2713 637 2765 οὖνδιξ,
685 2731 753 2768 pro
797 2715 932 2764 Ἰόλης.
1009 2724 1099 2756 tum.
1173 2717 1389 2755 Nummum
1435 2713 1625 2759 Vindicis,
1665 2711 1734 2751 ned

208 2771 416 2817 Quomodo
462 2770 615 2809 Vindex
654 2771 744 2819 ficto
788 2772 934 2822 pallore
1010 2772 1195 2823 spurium,
1243 2767 1403 2819 protulit
1448 2766 1736 2812 mediobarbus.

202 2825 396 2864 Neronem
417 2824 455 2861 in
473 2825 684 2863 testamenti
701 2838 806 2878 spem
835 2837 935 2863 erec-
1010 2839 1050 2877 p.
1068 2829 1134 2870 97.
1151 2836 1199 2861 ex
1217 2820 1369 2868 Stradfi..

208 2882 293 2922 tum
320 2878 522 2929 deceperit,
550 2878 716 2917 favorem
745 2878 819 2917 hoc
849 2886 934 2917 astu
1066 2875 1322 2928 ³Aquitaucus.
1350 2873 1471 2922 Mela,
1481 2875 1583 2912 11.2.
1611 2870 1741 2924 App.

206 2938 434 2983 mercatus,
456 2932 572 2973 docet
596 2931 756 2982 Plinius,
774 2945 852 2973 xx.
873 2937 936 2973 14.
1013 2944 1131 2972 remeo
1148 2931 1199 2971 ud
1217 2928 1447 2970 Garumnam
1462 2924 1686 2987 Aquitunt'ssq
1709 2926 1713 2930 ’
