1768 3236
175 165 257 209 546
592 165 760 206 NOTAE
790 166 859 206 ET
888 163 1336 211 EMENDATIONES

239 267 402 315 Montis
421 268 625 312 Abnoboe.
687 269 825 313 MSS.
846 269 980 312 Vatic.
1007 275 1116 314 1518
1133 278 1175 314 et
1192 277 1322 321 4498.
1343 281 1386 317 et
1405 273 1604 318 editiones
1623 282 1739 320 vete-

179 362 259 399 res,
282 345 479 389 Arbonae.
540 344 679 401 MSS.
700 345 837 387 Vatic.
863 347 972 389 1862
993 355 1035 389 et
1060 347 1190 394 2964.
1213 347 1412 393 Arnobae.
1472 348 1524 392 In
1553 351 1737 408 m'argine

184 421 289 465 MS.
319 419 456 463 Vatic.
493 421 616 463 1862.
662 419 861 473 additum,
894 420 1091 464 Arbonae.
1153 421 1388 478 Rhenanus,
1427 424 1572 468 deinde
1611 425 1740 482 ceteri

183 510 343 549 omnes,
364 494 549 537 Plinium
569 493 700 536 secuti
718 494 896 548 edidere,
919 495 1123 539 Abnobae.

243 569 468 627 Erumpat.
527 569 594 611 Ita
612 569 749 612 MSS.
765 569 901 612 Vatic.
920 568 1175 613 Puteolanus
1178 572 1393 630 ‚erumpit.
1424 568 1539 618 Infra
1553 579 1647 632 cap'.
1662 580 1737 621 20.

186 650 214 672 “
236 644 387 689 Donec
408 652 506 687 aetas
521 652 686 700 separet
704 643 919 701 ingenuos,
937 645 1064 688 virtus
1085 648 1322 702 agnoscat?

246 791 366 835 CAP.
401 799 443 835 2.
478 791 727 835 Tuistonem.
788 791 855 836 Ita
880 792 984 836 MS.
1003 793 1142 836 Vatic.
1168 801 1291 838 1518.
1312 803 1354 837 et
1375 795 1505 852 vulgo
1526 796 1622 840 libri
1641 796 1743 843 editi

186 876 334 924 praeter
373 867 611 921 Ernestum,
654 867 724 924 qui
754 868 777 910 ὲ
810 868 913 911 MS.
943 868 1087 911 Turio.
1115 868 1224 912 Cod.
1257 870 1399 927 Kapp.
1430 880 1473 914 et
1505 873 1570 915 ed.
1603 873 1742 931 Rhag.

186 942 314 985 edidit
355 941 608 986 Tuisconem.
668 942 774 986 MS.
811 943 950 986 Vatic.
999 946 1121 988 1862.
1167 944 1420 988 Tristonem:
1461 946 1504 989 in
1543 947 1742 1004 margine,

190 1017 404 1063 Tuis-man.
465 1017 571 1062 MS.
591 1018 728 1061 Vatic.
754 1024 877 1067 1498.
902 1018 1131 1062 Bistonem.
1191 1019 1345 1063 Utrum
1372 1029 1509 1063 autem
1529 1021 1744 1066 Tuistonis

185 1092 351 1135 nomine
370 1092 496 1135 lateat
518 1092 619 1145 Dei,
648 1109 784 1136 rerum
815 1093 1001 1136 omnium
1022 1094 1260 1147 conditoris,
1282 1096 1507 1150 memoria‘3
1537 1095 1744 1140 Mannus-

187 1182 269 1224 que
288 1168 436 1210 referat
461 1166 526 1210 vel
547 1167 700 1228 Atiam,
731 1169 901 1226 ejusque
930 1177 1008 1211 tres
1029 1169 1138 1212 filios
1161 1169 1281 1222 Cain,
1312 1169 1425 1213 Abel
1455 1179 1498 1215 et
1528 1170 1645 1224 Seth,
1675 1170 1743 1216 vel

188 1240 290 1284 Noe
310 1249 351 1284 et
370 1242 458 1300 ejus
477 1242 630 1286 liberos
652 1244 767 1295 Sem,
801 1243 936 1286 Cham
961 1252 1004 1287 et
1034 1244 1244 1301 Japheth:
1276 1261 1328 1286 an
1353 1244 1518 1299 Tuisto,
1550 1253 1597 1289 ut
1615 1246 1742 1296 sensit

189 1316 259 1360 Cl.
282 1316 529 1371 Leibnitius,
551 1318 603 1361 sit
622 1317 712 1375 ipse
730 1318 844 1361 Teut
863 1326 935 1362 aut
951 1318 1167 1372 Teutates,
1190 1319 1413 1362 Gallorum
1434 1320 1744 1377 Hispanorum-

187 1408 269 1450 que
298 1392 412 1434 cultu
432 1401 476 1435 et
505 1393 619 1436 famil
640 1392 947 1447 celeberrimus,
978 1394 1019 1436 id
1037 1403 1115 1448 est,
1143 1410 1214 1437 rex
1233 1395 1404 1437 herosve
1426 1394 1742 1451 Celto-Scytha,

188 1466 259 1524 qui
274 1482 466 1523 magnam
480 1467 594 1510 Asiae
615 1476 657 1510 et
677 1467 861 1525 Europae
881 1477 1041 1526 partem
1061 1469 1185 1512 armis
1206 1469 1485 1526 occupaverit,
1505 1470 1744 1514 hominum-

189 1557 270 1599 que
289 1557 425 1584 mores
451 1542 701 1596 formaverit,
722 1542 842 1586 variis
863 1543 1041 1600 agitatur
1067 1543 1427 1601 disputationibus,
1449 1561 1550 1602 quas
1578 1560 1663 1588 non
1679 1553 1746 1591 est

187 1616 363 1660 instituti
382 1616 511 1659 nostri
530 1616 660 1660 fusius
679 1617 886 1674 persequi.
928 1617 1174 1661 Monuerim
1196 1619 1353 1662 tantum
1372 1618 1579 1662 eruditum
1601 1618 1748 1664 Schei-

189 1691 305 1734 dium
337 1691 380 1734 in
409 1691 649 1748 praefatione
682 1693 735 1735 ad
753 1692 907 1734 librum
925 1693 1027 1737 Joh.
1047 1693 1222 1750 Georgii
1244 1694 1423 1736 Eccardi
1451 1695 1543 1737 “de
1571 1693 1746 1761 Origine

191 1766 541 1820 G-ffermanorum
561 1782 604 1823 p.
625 1773 695 1811 23.
718 1783 796 1824 pro
820 1767 1054 1811 Tuistonem
1074 1777 1229 1811 tentare
1253 1768 1294 1811 T
1290 1769 1493 1821 laudans
1524 1766 1743 1827 totumque

186 1840 298 1884 hunc
328 1840 485 1894 locum,
524 1857 618 1899 quei
606 1858 648 1884 ιιι
677 1843 947 1899 depravatum
980 1851 1114 1900 putat,
1148 1843 1206 1886 ita
1238 1845 1480 1888 emendare.
1516 1843 1744 1893 Celebrant

188 1915 442 1958 carminibus
467 1916 652 1974 antiquis
690 1917 902 1961 Thiudans
936 1919 999 1969 (id
1029 1927 1106 1971 est,
1141 1917 1323 1973 Deum),
1361 1927 1401 1963 et
1438 1917 1551 1963 terr&
1587 1919 1744 1969 editum

172 1989 321 2049 filium
343 1990 570 2044 Mannum,
600 1991 805 2050 originem
830 1993 968 2051 gentis
998 1993 1311 2052 conditoresque.
1371 1994 1434 2037 At
1452 1993 1494 2036 id
1512 1992 1538 2037 ὲ
1556 2002 1743 2038 veterum

188 2065 391 2120 librorum
412 2065 617 2122 scriptura
637 2067 757 2110 nimis
779 2068 945 2112 recedit.
1555 2077 1557 2082 ’

249 2140 510 2185 Hermiones.
569 2140 637 2193 Ita
669 2142 807 2186 MSS.
843 2142 982 2186 Vatic.
1021 2150 1064 2185 et
1104 2142 1280 2195 Plinius,
1319 2158 1385 2186 ιν.
1409 2150 1493 2188 14.
1546 2142 1599 2188 In
1627 2142 1744 2194 libna

187 2216 320 2270 editis,
343 2216 633 2260 Herminones.
694 2217 820 2260 Forte
855 2219 1168 2272 emendandum,
1203 2219 1494 2273 Hermivones‚
1528 2226 1574 2263 ut
1609 2218 1744 2276 Ingn-

188 2308 328 2345 vones,
364 2291 612 2335 Istaevones.
643 2308 748 2350 quos
775 2292 832 2336 ita
863 2301 1124 2351 nuncupatos
1153 2293 1242 2337 vult
1272 2290 1520 2350 Contingius
1551 2293 1578 2338 ἢ
1610 2295 1741 2340 tribus

188 2364 342 2410 Manui
360 2365 456 2409 filiis
479 2366 640 2425 Ingiiffi
665 2367 790 2426 Istcg'f
799 2375 838 2411 et
857 2368 913 2411 H
912 2384 1056 2412 ermm

251 2440 436 2487 Quidam
462 2449 618 2496 autem,
641 2441 821 2487 licentiat.
883 2443 1023 2488 MSS.
1042 2443 1179 2488 Vatic.
1215 2445 1326 2496 1862
1347 2452 1389 2486 et
1408 2445 1538 2493 2964.
1558 2443 1742 2504 quidam,

187 2523 235 2560 ut
253 2517 299 2563 in
319 2515 504 2560 licentici.

249 2591 550 2635 Gambrivios.-
592 2591 780 2636 Iidemne
817 2601 926 2647 sunt,
968 2593 1041 2652 qui
1083 2594 1275 2639 dicuntur
1312 2593 1338 2636 :i
1378 2594 1600 2648 Strabone,
1650 2607 1741 2641 vn·

186 2679 230 2722 p.
250 2671 351 2714 291.
374 2665 673 2722 Gamahriuni‚
693 2669 1002 2727 Γαμαβριαόνοιὲ
1725 2701 1755 2715 .,

241 2738 396 2822 Nuper
415 2741 617 2792 additu-m.
657 2742 826 2786 Frustra
841 2751 970 2790 tentat
989 2743 1173 2800 Lipsius,
1187 2758 1320 2802 nuper
1338 2743 1542 2789 auditum..
1573 2740 1743 2800 Optimi

186 2813 297 2859 enim
316 2815 537 2873 scriptores
556 2832 702 2860 nomen
723 2817 874 2861 addere
889 2833 967 2874 pro
982 2833 1130 2862 nomen
1145 2819 1499 2877 daresimponere,
1515 2816 1742 2875 saepissime

185 2895 496 2947 usurpaverunt.
547 2891 813 2938 Vocabulum
832 2901 971 2937 autem
992 2893 1229 2939 Germaniae
1251 2909 1392 2938 recens
1411 2902 1604 2951 etnuper
1623 2891 1738 2937 addi<-
