1768 3236
1664 39 1690 64 ί

1652 97 1691 138 ε»

1399 188 1710 245 A··U·C799‚1‚

141 310 178 334 ‘⁶
211 299 401 368 augeri:
421 301 434 322 ¹
469 313 566 347 non
601 295 734 346 fora²
757 272 914 345 litesve
944 312 1074 343 esse·
1110 292 1200 342 coli
1221 293 1512 344 Herculem.
1520 296 1544 347 3
1577 292 1698 354 festa

142 388 178 412 ⁶⁶
211 380 453 430 venatione
491 376 698 426 absumi·
687 413 701 437 ,
738 374 1042 441 gratissimam
1064 389 1167 434 eam
1189 372 1384 438 tigribus
1423 368 1756 437 elephantiae,

141 466 177 490 ⁶⁶
211 477 303 525 que
317 461 335 488 4
357 468 581 509 constare.
637 444 951 520 Regem'eligi
974 452 1003 499 a
1025 451 1200 516 populo
1222 449 1407 500 senecta
1430 448 1711 515 clementia„

137 544 179 570 -⁶⁶
213 555 323 603 que,
342 536 510 585 liberos
533 550 626 582 non
651 533 898 581 habentem
917 550 931 592 ;
970 541 1015 578 et
1037 529 1074 578 si
1096 529 1256 594 postea
1278 529 1455 596 gignat,
1477 526 1710 590 abdicari-,2

144 623 181 648 ‘⁶
215 633 275 666 ne
311 616 391 664 fiat
425 611 755 661 hereditarium
792 625 1022 675 regnum:
1058 619 1260 656 rectores
1283 607 1325 655 ei
1348 607 1376 656 a
1398 606 1574 672 populo
1613 613 1707 657 30.-

147 700 182 725 ‘⁶
218 693 349 743 dari:
401 691 494 740 'nec
539 689 624 739 nisi
669 688 879 753 plurium*
926 684 1150 734 sententia
1207 701 1492 751 quemquam
1540 683 1706 750 capitis

147 779 182 803 ⁶⁶
218 770 455 831 damnari3
494 769 556 818 sic
598 785 786 833 quoque
824 765 1176 830 appellationem
1206 781 1313 812 vesse
1342 764 1402 812 ad
1435 762 1663 828 populum
1678 780 1706 823 3⁷
1737 826 1747 829 „

148 856 185 881 ιι
219 857 299 904 70.
319 848 497 916 judices
529 847 658 906 dari3
697 846 734 894 si
765 845 959 893 liberent
992 860 1146 903 reum,
1178 842 1381 907 amplius
1409 839 1705 915 triginta,‘iis'

150 934 185 959 ⁶⁶
220 929 398 977 nullam
454 943 552 974 esse
610 923 941 990 dignationem,
997 921 1265 987 gravissimo
1315 922 1504 985 probro.
1575 918 1707 986 Regi
1764 934 1767 939 ·

89 1004 113 1035 s
151 1012 187 1036 ⁶⁶
221 1007 401 1055 cultum
425 1003 581 1052 Liberi
612 1002 770 1067 patris,
805 1001 966 1050 ceteris
988 1002 1232 1049 Arabum:
1253 1002 1268 1028 ⁵
1302 1016 1481 1066 regern,
1514 998 1552 1048 si
1588 999 1702 1064 quid

151 1089 187 1113 ⁶⁶
222 1084 476 1147 delinquat,
510 1093 663 1129 morte
684 1079 886 1139 multari,
910 1079 1040 1127 nullo
1062 1078 1369 1138 interimente,
1392 1078 1705 1128 aversantibus

151 1167 187 1192 ‘⁶
219 1162 414 1222 cunctis,
449 1170 495 1208 et
517 1159 795 1208 commercia
818 1158 954 1207 etiam
977 1156 1201 1206 sermonis
1222 1153 1583 1223 negantibus.'’⁶‘

143 203 225 242 ιω
687 180 1143 231 SUPPLEMENPUM

223 1359 303 1399 34.
339 1351 474 1399 HAEc
516 1351 578 1398 ob
623 1347 874 1417 novitatem
913 1347 1203 1396 audientibus
1248 1359 1392 1414 grata.
1461 1329 1735 1399 Libentius..

156 1429 291 1490 vero,
314 1428 423 1478 licet
444 1428 570 1477 haud
593 1427 689 1477 sine
712 1424 883 1476 invidia
905 1426 1133 1486 auditum,
1166 1426 1276 1475 “ibi
1298 1427 1440 1475 vitam
1462 1426 1718 1476 hominum‘

219 1693 235 1712 ¹
274 1696 498 1746 Numquam
531 1709 603 1748 aug
602 1710 678 1736 ενι
749 1698 900 1750 Nempe

165 1750 216 1789 ob
240 1762 365 1801 oryzae
393 1750 560 1801 copiam,
588 1765 674 1802 quae
693 1751 732 1789 in
752 1750 855 1790 hac
846 1766 904 1790 in·-

164 1802 251 1843 sula
269 1811 324 1842 est
341 1817 460 1855 quam
481 1805 666 1843 maxima.
724 1806 753 1843 F
755 1807 836 1844 oitc
866 1814 904 1845 et

165 1859 417 1910 providebant
433 1858 662 1898 sterilitates.
708 1860 801 1906 Qua
822 1861 904 1900 lau-

977 1712 1140 1749 rumque
1179 1704 1338 1749 patrom,
1383 1709 1449 1733 seu
1495 1694 1718 1737 Bacchum..

979 1767 1069 1792 mox
1090 1752 1378 1795 nominandum,
1394 1750 1586 1800 indigenas
1606 1749 1710 1787 Deos

980 1807 1220 1853 crediderim,
1247 1806 1310 1843 scd
1337 1806 1391 1842 ita
1414 1804 1627 1856 appellatos
1654 1803 1717 1843 in-.

979 1862 1246 1914 terpretatione
1272 1857 1629 1898 Roman5.1‹'orte
1652 1865 1717 1905 3tar·

169 1913 217 1950 de
243 1913 326 1963 jam
359 1913 620 1951 inclaruerant
654 1916 905 1967 Imperatores

169 1967 355 2015 Sinenses,
402 1980 449 2005 ac
486 1968 657 2007 maxime
692 1971 906 2021 Imperator

170 2020 287 2060 Suen-
273 2023 334 2070 -ti,
363 2022 430 2071 qui
460 2034 560 2060 anno
588 2026 654 2062 54.
681 2025 732 2062 A.
744 2025 790 2062 C.
809 2038 906 2062 nova

170 2075 308 2114 horrea
338 2076 535 2123 condidit3
563 2083 612 2125 et,
642 2077 734 2116 cum
760 2079 908 2117 fertilis-

171 2131 291 2168 simus
309 2129 440 2169 fuisset
458 2143 592 2179 annus,
620 2145 796 2183 magnam
823 2147 910 2185 ory-

174 2197 230 2222 zae
247 2184 323 2223 vim
348 2185 492 2234 majore
520 2185 649 2234 etiam,
676 2187 793 2237 quam
825 2194 909 2226 tum

174 2239 423 2285 vendebatur,
452 2240 574 2290 pretio
592 2243 842 2292 comparavit,
867 2250 912 2280 ut

177 2293 371 2332 sterilibus
402 2294 511 2331 annis
537 2294 659 2332 viliori
688 2296 810 2346 pretio
827 2309 914 2333 ven-

178 2347 308 2392 deret3
327 2347 380 2385 sic
400 2347 591 2398 geminata
608 2349 744 2401 populi
759 2350 818 2388 sui
838 2352 914 2388 uti-

177 2401 299 2439 litate.

234 2452 254 2470 ²
282 2455 374 2493 Non
398 2456 512 2508 fora.
570 2457 634 2495 Ob
656 2457 771 2496 insita
798 2459 916 2508 gentis

183 2509 319 2549 animis
344 2511 505 2560 justitiae
541 2513 682 2558 studia,
710 2525 786 2550 non
823 2512 916 2559 fora,

183 2577 259 2602 non
277 2564 373 2609 lites,
394 2572 438 2602 ut
458 2565 603 2611 Romae,
629 2566 918 2616 frequentaban-

184 2625 261 2657 tur.
318 2618 479 2665 Verum,
509 2619 601 2657 cum
631 2620 698 2657 ubi
731 2630 822 2658 sunt
852 2621 920 2658 ho-

187 2672 319 2717 mines,
358 2672 411 2709 ibi
447 2686 602 2723 quoque
635 2674 710 2712 sint
743 2675 846 2721 vitia,
875 2675 921 2711 iis

186 2738 343 2778 quoque
373 2725 476 2764 fuere
493 2735 531 2764 et
542 2728 695 2778 judices
725 2736 763 2766 et
787 2741 920 2779 poenae,

188 2786 234 2818 ut
251 2792 342 2817 mox
363 2780 526 2819 dicetur.

244 2830 259 2853 ³
289 2833 508 2873 Herculem.
564 2835 787 2883 Herculem,
815 2836 927 2877 Libe-

984 1930 1067 1954 men
1087 1918 1136 1954 ob
1150 1914 1363 1953 Alexandri
1383 1913 1519 1964 Magni
1536 1911 1713 1950 victorias

982 1971 1229 2022 gentiumque
1285 1968 1516 2006 commercia
1566 1966 1720 2006 Graeeis

986 2027 1083 2076 AEgy
1087 2025 1252 2077 ptiisque
1262 2021 1595 2074 superstitionibus
1610 2020 1723 2063 fuere

985 2079 1137 2117 imbuti.

981 2141 987 2145 '
1038 2131 1058 2155 ⁴*
1084 2132 1390 2183 Elephantisque.
1443 2129 1554 2168 Teste
1578 2129 1720 2179 Plinio,

986 2188 1062 2226 loc.
1084 2188 1151 2226 cit.
1193 2185 1438 2231 Οιιεείσνὶἰαε,
1455 2184 1586 2223 classis
1603 2185 1725 2225 Alea-

987 2243 1100 2280 andri
1117 2240 1258 2291 Magni
1272 2239 1487 2297 proefectus,
1507 2238 1721 2290 elephantos

987 2297 1039 2334 ibi
1066 2298 1228 2347 mqjores
1254 2290 1583 2343 bellicosioresque,
1611 2293 1722 2343 quam

989 2351 1028 2388 in
1059 2349 1190 2397 Iudzd,
1225 2349 1336 2410 gigni
1368 2346 1535 2397 scripsit.
1590 2347 1725 2389 Maxi-

985 2415 1094 2442 mam
1115 2404 1283 2441 famam
1274 2416 1314 2441 in
1331 2402 1487 2440 Oriente
1506 2400 1637 2440 adhuc
1652 2402 1725 2441 ob-

991 2459 1125 2496 tinent.

1045 2511 1057 2533 ⁵
1089 2510 1234 2550 Ceteris
1261 2510 1443 2557 Arabum.
1498 2509 1651 2548 Coelum
1684 2513 1725 2549 et

993 2567 1119 2605 Solem
1150 2573 1370 2615 cunctaque
1402 2563 1570 2602 coelestia
1601 2563 1626 2602 ὲ
1650 2563 1729 2604 Tea

993 2620 1202 2672 probauitis
1231 2619 1344 2657 fuisse
1367 2618 1474 2657 culta
1493 2618 1610 2657 tradit
1629 2617 1727 2657 Dio-

994 2675 1109 2713 dorus
1126 2673 1295 2717 Siculus,
1324 2685 1374 2710 11.
1392 2675 1456 2718 59.

1051 2725 1068 2746 ⁶
1097 2728 1352 2779 Negantibus.
1409 2727 1506 2766 Haec
1522 2731 1561 2765 et
1582 2723 1732 2778 superi-¹

996 2796 1064 2824 ora
1082 2783 1244 2831 Plinius,
1273 2794 1332 2820 VI.
1350 2785 1416 2821 22.
