1768 3236
315 193 395 231 AD
423 185 520 231 LIR.
552 189 629 230 DE
658 186 907 229 MoRmUs
936 186 1362 228 GERMANORUM.
1521 188 1605 229 586

64 302 144 357 que
184 302 404 353 equorum5
429 266 497 336 T.
537 287 686 346 Faber,
709 290 881 350 formas
915 304 1124 348 equorum.
1193 289 1248 338 ,N
1250 290 1264 332 i
1303 288 1411 332 forte
1434 288 1607 346 formas

68 369 256 414 Deorum
288 371 339 412 de
371 369 467 413 Diis
496 368 661 410 marinis
694 365 886 424 accipias.
946 365 1019 408 Sic
1050 364 1180 408 ferme
1213 365 1242 409 J
1246 364 1439 420 annalis,
1467 366 1604 421 Satyr.

69 459 175 489 xlv.
204 449 305 488 281.

279 596 313 622 ““
332 597 493 638 Grande
510 609 638 649 operae
655 594 822 647 pretium
841 598 898 634 est
921 612 1068 626 ······

334 683 483 724 Oceani
499 688 680 731 monstra,
706 686 746 721 et
756 682 916 734 juvenes
931 679 1069 719 vidisse
1084 677 1287 719 marinos-,⁹²

71 829 232 875 Oceani
256 838 439 874 monstra
470 830 651 887 explicat
679 835 794 872 vetus
823 825 1071 872 scholiastes
1097 825 1128 870 J
1130 824 1323 879 uvenalis,
1355 823 1540 869 Tritones
1561 834 1601 870 et

68 905 278 949 Nereides.
733 907 741 916 “
1350 950 1368 969 Ι

126 980 356 1024 AEstiorum
371 988 526 1039 gentes.
584 979 650 1022 Ita
669 994 810 1022 omnes
830 977 966 1020 MSS.
987 976 1122 1018 Vatic.
1165 975 1217 1018 In
1237 974 1436 1018 veteribus
1454 975 1599 1019 editio·

66 1055 204 1108 nibus,
236 1055 475 1098 Estuorum.
535 1053 585 1095 In
604 1051 912 1103 recentioribus,
945 1051 1196 1108 AEstyorum.

130 1129 334 1187 Omnique
354 1128 497 1172 tutelli.
557 1129 674 1170 Bene
707 1127 904 1169 Emestus
935 1134 977 1167 et
1005 1124 1248 1167 recentiores
1278 1125 1302 1166 ὲ
1323 1125 1426 1167 MS.
1452 1125 1496 1168 T
1497 1125 1599 1168 urie.

5 1242 9 1243 γ
64 1204 138 1249 Sic
157 1196 324 1262 quoque
341 1203 505 1247 volebat
523 1202 703 1260 Lipsius.
760 1200 813 1243 In
830 1199 1034 1243 veteribus
1053 1198 1312 1251 editionibus,
1341 1198 1601 1259 omniumque

61 1278 207 1323 tuteld.
937 1295 947 1307 κ

127 1353 317 1413 Informe
328 1351 554 1411 perfertur.
614 1350 718 1394 MS.
736 1349 871 1393 Vatic.
892 1350 1018 1398 2964.
1031 1347 1274 1406 profertur,-
1301 1357 1347 1391 ut
1377 1356 1420 1392 et
1437 1349 1601 1393 volebat
1680 1341 1684 1346 ⁵

67 1428 321 1472 Groslotius.
379 1428 441 1471 At
458 1427 605 1469 melius
624 1425 748 1468 ceteri
768 1424 906 1468 MSS.
925 1423 1060 1466 Vatic.
1073 1422 1297 1482 perfertur.

58 1520 65 1526 ⁴
126 1504 352 1561 Implicata
371 1503 552 1545 humore.
599 1499 665 1543 Ita
685 1514 826 1543 omnes
847 1498 984 1541 MSS.
1002 1497 1138 1539 Vatic.
1158 1505 1199 1539 et
1216 1498 1411 1540 editiones
1432 1508 1603 1544 veteres.

66 1578 323 1635 Perperam
313 1594 353 1620 in
373 1575 663 1619 recentioribus
682 1574 957 1626 emendatum,
987 1571 1207 1629 implicita.
1267 1571 1426 1616 Plinius
1451 1573 1600 1632 aliique

66 1669 179 1711 saepe
198 1667 455 1709 usurpavere,
483 1649 754 1707 implicatum.

128 1726 410 1783 Sueviaefinis.
471 1725 587 1767 Bene
608 1722 863 1767 Puteolanus
881 1730 924 1764 et
942 1719 1199 1763 recentiores.
1258 1719 1310 1763 In
1334 1720 1438 1765 MS.
1455 1722 1601 1768 Turic.

69 1804 179 1848 cod.
198 1802 340 1859 Kapp.
360 1809 402 1843 et
421 1799 598 1843 editione
619 1797 815 1855 Spirensi,
827 1796 954 1853 fines.

127 1949 249 1993 Cn.
267 1949 338 1992 46.
374 1946 418 1990 V
412 1945 640 1989 enedorum.
699 1943 820 1987 Male
841 1942 979 1986 MSS.
997 1950 1040 1985 et
1058 1950 1213 1984 veteres
1231 1941 1442 1996 editiones,
1477 1940 1522 1985 V
1513 1959 1603 1988 ene.

67 2032 204 2069 torum
221 2030 292 2065 aut
316 2020 599 2064 Venethorum.
648 2017 687 2061 V
685 2018 826 2061 enedos
843 2026 1046 2059 memorat
1065 2015 1240 2069 Plinius,
1274 2030 1336 2059 lv,
1362 2023 1428 2060 13.
1459 2018 1604 2061 Ptole-

67 2114 190 2150 maeo,
222 2112 300 2140 111.
336 2102 377 2139 5.
426 2093 594 2138 Οὖενέὸαι
625 2093 723 2135 dicti
753 2100 860 2134 sunt.
927 2091 1158 2135 Jornandes
1186 2106 1365 2147 quoque,
1394 2093 1446 2135 de
1477 2095 1602 2137 rebus

67 2171 244 2224 Geticis,
274 2186 366 2227 cap.
392 2174 459 2216 17.
517 2173 546 2193 “
566 2167 823 2210 Winidarum
841 2165 951 2208 natio
972 2164 1215 2221 populosa.”

126 2246 353 2290 Procerum
372 2242 583 2287 connubiis
599 2241 751 2284 mixtis.
811 2240 1026 2291 Ernestus,
1045 2239 1221 2282 ceteram
1239 2240 1449 2284 connubiis
1466 2241 1603 2285 mixti.

68 2320 170 2365 Sic
158 2336 200 2363 ln
222 2318 389 2362 Gallica
408 2317 591 2360 versione
613 2316 800 2359 Dureau.

126 2394 285 2438 Domos
287 2394 478 2451 fingunt
538 2390 604 2434 Ita
620 2399 774 2433 veteres
804 2397 846 2431 et
875 2389 1118 2432 recentiores
1149 2387 1359 2431 editiones.
1419 2390 1601 2458 Lipsius,

50 2469 213 2529 figunt.
270 2469 333 2511 At
368 2467 530 2519 melius,
558 2466 748 2523 fingunt.
808 2464 973 2506 Domos
1014 2463 1137 2514 enim,
1186 2478 1256 2504 seu
1295 2465 1467 2519 tuguria,
1511 2465 1601 2509 luto

66 2544 288 2599 fingebant.
350 2541 420 2585 Sic
440 2541 551 2598 apud
571 2539 770 2592 Plinium,
793 2544 953 2581 x1.22.
983 2537 1235 2592 bombyces
1224 2552 1266 2579 m
1286 2538 1465 2595 Assyria,
1484 2539 1603 2583 nidos

63 2618 153 2662 luto
157 2617 349 2675 fingunt.

128 2690 295 2734 Pedum
313 2705 402 2733 usu.
460 2689 511 2732 ln
530 2687 668 2731 MSS.
687 2686 823 2730 Vatie.
844 2687 972 2735 2964.
1005 2691 1133 2734 4498.
1163 2693 1206 2728 et
1232 2686 1438 2730 veteribus
1457 2688 1603 2730 editio-

68 2766 201 2817 nibus,
224 2764 427 2822 peditum.
486 2763 591 2807 MS.
612 2763 750 2805 Vatic.
777 2760 899 2805 1862.
922 2761 1137 2818 pecudum.
1197 2762 1329 2804 Recte
1360 2761 1527 2817 Lipsius
1560 2771 1603 2805 et

65 2839 325 2901 recentiores,
347 2838 500 2896 pedum
514 2855 528 2883 .·
558 2837 670 2896 quod
701 2851 868 2896 quoque
897 2837 1047 2894 probat
1067 2834 1135 2880 Cl.
1150 2835 1368 2891 ΑΕηιειεῑιιει,
1396 2834 1492 2879 licet
1518 2835 1604 2879 edi-

68 2913 185 2968 derit,
204 2913 407 2972 peditum.
