1768 3236
369 207 451 248 AD
476 205 662 248 vrrAM
688 205 779 247 cN.
806 204 918 247 JUL.
943 204 1258 249 AGRICOLAE.
1490 208 1579 259 *609

46 341 49 346 .
69 310 83 327 ·’
105 307 428 358 instruebantur
441 309 564 353 acies.
621 307 673 352 In
692 308 830 352 MSS.
847 308 981 352 vatic.
1001 310 1115 359 3429
1134 318 1178 353 et
1199 311 1329 359 4498.
1347 309 1577 356 in'stmba-

46 390 130 427 tur.
189 383 372 441 Margini
405 383 507 428 MS.
537 383 672 427 vatic.
702 388 829 432 3429.
868 383 1063 438 additum,
1077 384 1199 427 ‘alius
1234 384 1359 427 habet
1390 385 1577 430 institue·

46 456 184 500 batur.
632 471 634 477 ·
1470 471 1493 499 .·
1602 502 1608 509 ,

56 554 58 556 v
104 531 377 574 Munimentv‘s
396 531 625 574 coercitum.
684 531 756 574 Sic
776 530 877 575 MS.
897 531 1033 575 Vatic.
1052 537 1182 580 4498.
1201 532 1256 575 ita
1275 547 1439 591 quoque
1459 535 1573 578 voles

41 607 119 648 bat
156 601 406 649 Gronovius.
464 604 516 647 In
557 605 656 648 MS.
676 605 813 648 Vatic.
844 611 973 654 3429.
1007 615 1048 649 et
1079 606 1196 648 libris
1229 607 1361 660 editis,
1392 609 1572 652 monitis.

43 679 313 736 Adscriptum
347 679 518 735 margini
552 679 655 722 MS.
685 669 831 722 Vatic.⁴
848 685 976 729 3429.
1008 681 1117 723 alius
1145 681 1270 723 hahet
1299 683 1572 728 munimentis.

45 752 169 796 Patet
197 754 330 810 capite
361 759 430 796 35.
462 752 630 795 militem
665 762 891 796 castrorum
923 753 1029 796 vallo
1060 770 1107 796 ac
1127 755 1387 797 munimentis
1419 757 1573 813 potius,

46 826 173 883 qudm
205 827 382 879 monitis,
421 826 542 868 fuisse
571 827 808 870 coercitum.
884 826 1058 870 Ursinus
1089 827 1228 871 locum
1257 836 1393 871 totum
1426 829 1498 872 sic'
1527 847 1572 874 se

43 899 241 956 seriptum
260 900 456 943 invenisse
473 900 530 943 ait
547 900 588 942 in
613 900 781 958 antiquo
800 901 966 944 codice:
998 909 1037 943 et
1056 901 1126 946 vix
1146 903 1403 946 munimentis
1419 905 1571 948 coerci-

43 980 131 1025 tum
156 974 341 1024 militem,
359 974 654 1020 accendendum
674 975 808 1018 adhuc
827 983 957 1018 ratus.
1014 976 1120 1018 Vide
1139 992 1177 1018 c.
1197 982 1269 1019 35.
1327 977 1429 1020 Vult
1447 978 1572 1022 Taci-

43 1054 109 1090 tus
129 1047 194 1089 vix
215 1046 412 1090 contineri
443 1049 624 1104 potuisse
644 1049 799 1102 castris,
831 1049 928 1107 quin
957 1049 1169 1105 extemplo
1200 1060 1499 1106 procurrerent,
1527 1061 1572 1096 et

43 1121 358 1164 audacissimum
387 1134 589 1179 quemque
615 1122 731 1165 illum
751 1138 802 1165 ex
833 1124 1014 1166 barbaris
1043 1123 1310 1167 adsultantem
1336 1125 1572 1182 exciperent

45 1196 154 1239 ferro
173 1204 264 1238 ante
272 1197 432 1253 justum
452 1211 730 1252 congressum.
761 1196 866 1240 Vide
887 1197 1015 1241 Misc.
1039 1198 1147 1240 Obs.
1170 1212 1240 1240 rx.
1260 1199 1358 1241 364.

50 1307 57 1312 .
102 1269 286 1312 Militem
316 1270 616 1314 accendendum
653 1271 787 1313 adhuc
829 1278 959 1314 ratus.
1032 1270 1097 1313 Ita
1130 1271 1233 1313 MS.
1266 1271 1401 1314 vatic.
1441 1277 1570 1321 3429.

45 1344 252 1387 Mendose
279 1344 373 1386 libri
391 1345 500 1396 editi,
519 1345 687 1387 militem
707 1345 839 1388 adhuc
866 1353 994 1388 ratus.
1054 1344 1175 1388 Unde
1208 1345 1375 1401 Lipsius
1404 1346 1570 1402 supple-

44 1419 130 1470 bat,
164 1418 402 1470 acuendum,
429 1418 698 1471 incitandum,
727 1419 886 1461 aliudve
923 1419 1015 1462 tale.
1074 1419 1234 1461 Vocem
1275 1420 1571 1463 accendendum

43 1491 234 1535 insertam
255 1493 307 1534 ab
327 1491 489 1545 ingenio
508 1491 671 1534 mallem
692 1492 839 1545 omitti,
870 1501 911 1535 et
930 1509 1007 1550 pro
1026 1493 1160 1536 adhuc
1186 1501 1300 1536 ratus
1319 1493 1567 1551 conjunctim

44 1565 284 1613 adhortatus
302 1565 438 1607 scribi.
471 1565 599 1608 Misc.
619 1566 725 1608 Obs.
749 1580 819 1609 xx.
840 1567 939 1609 365.

53 1666 70 1678 ·.
106 1638 288 1682 Octavus
305 1654 436 1681 annus
454 1646 524 1681 est.
584 1639 686 1682 Erat
704 1641 870 1700 quidem
890 1649 1007 1683 aestas
1025 1641 1186 1683 tantum
1208 1642 1396 1698 septima,
1415 1657 1466 1684 ex
1486 1657 1568 1698 quo

43 1713 90 1755 in
106 1712 360 1756 Britanniam
378 1722 540 1755 venerat
559 1713 770 1768 Agricola,
787 1722 832 1756 ut
850 1714 1022 1756 vidimus
1039 1730 1162 1771 supra
1180 1731 1273 1770 cap.
1293 1721 1363 1758 28.
1393 1715 1454 1757 At
1473 1716 1570 1757 cum

44 1802 152 1830 anno
172 1788 281 1838 ποῖὰ
299 1786 422 1844 (Ῑιιέιηι
447 1787 611 1838 veniret,
631 1788 774 1830 fuisset
792 1787 948 1838 consul,
976 1797 1017 1830 et
1035 1789 1170 1831 statim
1201 1798 1296 1844 post
1314 1788 1571 1832 consulatum

46 1861 265 1904 Brimnniae
284 1863 541 1917 praepositus,
561 1876 682 1917 supra
701 1877 792 1918 cap.
812 1868 854 1909 9.
872 1862 964 1904 inde
986 1863 1090 1904 forte
1105 1878 1231 1904 annus
1250 1863 1316 1905 hic
1335 1873 1568 1906 numeratus

44 1944 304 1978 eetoctams.
364 1935 533 1990 Nempe
552 1936 696 1978 consul
722 1945 764 1978 et
785 1935 1002 1979 Britanniae
1028 1937 1269 1993 praepositus
1290 1937 1368 1979 fuit
1385 1937 1568 1981 A.U.C.

45 2014 145 2052 830.
204 2009 275 2052 Ad
293 2019 473 2051 montem
493 2010 740 2066 Grampium
760 2009 943 2065 pervenit
963 2016 1012 2052 et'
1032 2011 1225 2066 pugnavit
1254 2011 1311 2053 A.
1326 2009 1379 2053 U.
1398 2011 1448 2054 C.
1471 2017 1571 2058 837.

15 2134 23 2139 ·
47 2082 172 2126 Forte
192 2092 327 2125 tamen
344 2068 520 2125 erratum
538 2084 580 2125 in
598 2083 790 2137 numeris,
809 2093 849 2125 et
877 2083 1074 2142 scriptum
1094 2084 1207 2137 olim,
1233 2086 1423 2143 septimus
1441 2101 1571 2129 annus

30 2145 119 2200 Aoet.
148 2157 254 2199 Vide
274 2157 404 2200 Misc.
427 2158 533 2200 Obs.
555 2172 626 2199 lx.
641 2159 741 2201 365.

17 2224 27 2229 “
56 2249 75 2269 ··.
107 2229 312 2288 Equidem
340 2246 441 2288 saepe
469 2233 516 2274 iu
549 2231 727 2288 agmine.
786 2229 852 2274 Ita
882 2230 986 2273 MS.
1014 2230 1150 2274 Vatic.
1185 2237 1313 2280 8429.
1372 2231 1424 2274 In
1456 2231 1571 2276 libris

48 2304 168 2347 editis
187 2306 313 2357 deest,
343 2321 458 2362 sape.

111 2376 231 2420 Voces
262 2379 493 2422 audiebam.
553 2379 671 2422 Bene
702 2378 806 2422 MS.
824 2378 957 2420 Vatic.
986 2384 1115 2426 3429.
1174 2377 1226 2420 In
1258 2378 1442 2422 editione
1463 2380 1576 2436 prin-

48 2450 155 2506 cipe,
184 2466 279 2494 voce
297 2452 528 2495 audiebam.
587 2451 816 2495 Beroaldus
847 2451 1073 2495 emendavit
1092 2466 1255 2503 vocem;
1285 2454 1398 2508 quod
1427 2454 1573 2497 deinde
1635 2474 1642 2477 s

49 2524 174 2565 ceteri
193 2525 402 2568 retinuere.
991 2581 1005 2586 ·

109 2597 153 2640 E
172 2597 341 2641 latebris
366 2599 450 2641 suis
473 2598 637 2641 extrusi.
695 2598 762 2641 Ita
784 2598 984 2642 editiones
1005 2607 1174 2641 veteres.
1227 2599 1352 2644 Male
1373 2610 1575 2645 mutatum

48 2669 92 2712 in
105 2671 410 2724 recentioribus,
430 2671 457 2715 ιὶ
476 2672 656 2714 Ιαίεὸήε.

110 2743 328 2802 Super-asse
356 2753 516 2788 tantum
542 2746 713 2788 itineris.
774 2745 890 2791 Bene
910 2747 1132 2791 Rhenanus
1152 2755 1194 2791 et
1211 2748 1468 2792 recentiores.
1526 2748 1579 2791 In

49 2819 252 2862 veteribus
270 2818 527 2871 editionibus,
545 2833 759 2878 superesse.
816 2833 819 2838 ¹
