1768 3236
661 192 981 234 GERMANIA.
1536 200 1589 237 43

45 305 334 358 consultant:
351 304 366 325 ¹
392 311 629 364 tamquam
649 297 780 345 n'ullo
804 295 950 362 magis
965 308 1175 361 tempore
1191 308 1270 346 aut
1286 297 1590 364 ad'simplicoe

48 383 350 450 cogitationes
364 389 514 444 pateat
530 376 728 434 animus,
750 386 829 423 aut
845 375 904 422 ad
926 391 1116 440 magnas
1137 375 1391 424 incalescat.
1461 379 1596 427 Gens

52 478 151 510 non
165 458 329 517 astuta,
361 473 448 505 nec
465 454 646 513 callida,
679 454 822 518 aperit
844 453 996 501 adhuc
1014 465 1188 501 secreta
1209 454 1423 517 pectoris,
1457 455 1596 503 licen-

54 537 119 587 tia
134 538 242 604 joci.
309 534 442 599 Ergo
473 534 652 580 detecta
681 543 727 578 et
751 531 879 578 nuda
900 530 1110 581 omnium
1133 547 1281 589 mens,
1315 532 1498 594 postera
1520 533 1597 581 die

49 625 350 673 retractatum
369 615 388 634 ²
420 622 465 659 et
488 611 610 659 salva
631 609 872 673 utriusque
905 608 1127 672 temporis
1162 608 1278 655 ratio
1313 618 1394 656 est.

1463 610 1593 660 Deli-

54 689 235 750 berant,
259 691 374 739 dum
396 689 575 754 fingere
596 686 835 738 nesciunt:
871 686 1172 744 constituunt,
1190 686 1303 734 dum
1326 702 1480 735 errare
1501 703 1597 735 non

50 781 260 836 possunt.

55 966 58 968 ,
120 914 203 974 23.
223 926 392 973 Pon
415 925 614 973 humor³
639 941 700 971 ex
716 923 894 971 hordeo
911 933 990 970 aut
1011 919 1266 998 frumento,
1282 920 1331 970 in
1344 921 1594 986 quamdam

54 1001 399 1055 similitudinem
452 1001 546 1050 vini
602 1012 860 1065 corruptus.

56 1091 336 1130 mercantur.

53 1167 134 1206 aut
194 1158 265 1206 lac
321 1161 626 1206 concretum.⁵

114 1345 130 1366 ⁸
161 1346 396 1386 Consultant.
448 1349 582 1387 Talem
602 1348 793 1388 consulta-

58 1400 202 1439 tionem
237 1401 323 1439 vide
359 1415 474 1454 supra
503 1403 604 1442 Hist.
635 1416 695 1442 ιν.
730 1408 790 1442 14.

64 1455 150 1493 Nec
194 1455 262 1493 alii
307 1453 595 1495 Ca‘nadensibus
638 1458 791 1508 populis

60 1521 204 1546 mores..
250 1509 353 1547 Vide
393 1511 435 1547 P.
465 1512 511 1549 de
548 1511 792 1559 Charlevoix,

61 1561 138 1600 loc.
157 1563 223 1601 cit.
244 1562 378 1601 Lettre
398 1577 488 1602 xxv.
510 1579 546 1616 p.
566 1570 658 1608 217.

113 1613 133 1631 ²
160 1616 322 1658 Posterd
338 1618 398 1656 die
415 1624 662 1658 retractatur.
702 1619 793 1656 Pos-

61 1667 143 1707 tera
171 1670 232 1707 die
259 1677 526 1718 retractantur,
555 1673 593 1710 id
611 1682 682 1720 est,
710 1686 791 1710 rur-

59 1735 126 1761 sus
139 1725 425 1774 perpenduntur
436 1727 608 1764 hesterna
617 1727 790 1764 consilia.

63 1776 129 1815 Sic
157 1778 262 1815 salva
292 1785 349 1816 est
380 1781 580 1830 utriusque
613 1782 792 1831 temporis

59 1830 182 1869 ratio:
202 1844 292 1870 nam
310 1832 349 1869 in
367 1840 529 1884 utroque
541 1840 710 1885 tempore
723 1847 793 1872 sua

60 1883 158 1922 inest
180 1885 339 1923 utilitas.
394 1888 543 1938 Nempe
570 1889 792 1934 deliberant,

61 1937 155 1975 dum
174 1939 311 1990 fingere
325 1941 522 1986 nesciunt3
542 1942 794 1989 constituunt,

61 1991 155 2029 dum
184 2006 306 2031 errare
324 2007 398 2033 non
421 2003 592 2044 possunt.
646 1997 790 2033 Eadem

61 2046 218 2083 omnino
229 2048 275 2084 de
289 2049 409 2085 Persis
426 2058 553 2086 narrat
572 2049 790 2087 Herodotus

62 2110 95 2136 ¹·
113 2098 583 2195 2190321525x52¹f¹⁸112t2⁷23
596 2118 708 2195 5333.

63 2207 250 2254 revisiam,
268 2209 378 2248 small
397 2211 492 2257 beer,
509 2222 703 2248 vocamus.
734 2212 793 2248 De

64 2272 144 2310 quo
163 2261 323 2309 Plinius,
344 2275 436 2309 xiv.
455 2269 521 2303 22.
577 2265 649 2304 Est
666 2270 703 2302 et
725 2264 794 2302 Oc-

64 2314 223 2353 cidentis
244 2316 391 2367 populis
408 2331 476 2355 sua
494 2318 653 2356 ebrietas
670 2318 794 2370 fruge

64 2368 458 2421 madidd—J'Egyptus
490 2386 629 2423 quoque
647 2374 666 2409 ἑ
669 2372 795 2424 fruge

64 2420 136 2458 sibi
147 2427 259 2472 potus
276 2423 412 2463 similes
432 2426 656 2476 excogitavit
671 2442 684 2464 .·
714 2426 796 2463 nnl-

64 2473 175 2524 ldque
204 2476 242 2512 in
271 2483 381 2526 parte
399 2479 524 2516 mundi
543 2485 662 2517 cessat
681 2480 795 2517 ebrie-

65 2533 150 2566 tas:
180 2542 299 2568 meros
331 2531 463 2581 quippe
493 2533 670 2571 hauriunt
702 2534 795 2570 tales

63 2594 204 2628 succos,
231 2596 296 2620 nec
321 2585 505 2631 diluendo,
531 2591 574 2624 ut
593 2587 680 2624 vina
697 2587 796 2624 miti-

62 2641 172 2685 gant.
211 2638 268 2674 At
287 2638 473 2676 Hercules
490 2640 569 2682 illic
588 2640 798 2691 tellus-fru-

62 2702 131 2739 ges
151 2702 287 2742 parere
305 2691 515 2730 videbatur.
569 2693 672 2739 Heu,
700 2695 796 2732 mira

65 2742 243 2781 vitiorum
285 2746 470 2783 solertia!
514 2747 700 2784 inventum
742 2753 798 2785 est

67 2797 365 2846 quemadmodum
384 2812 479 2849 aqua
498 2814 638 2851 quoque
662 2801 797 2839 inebri-

67 2855 167 2887 aret.
498 2856 501 2859 ’

117 2899 139 2923 ⁴
178 2904 322 2943 Recens
351 2906 461 2957 sera.

69 2954 188 3000 Mela,
231 2971 301 2998 111.
335 2963 374 2999 3.

529 2907 635 2946 Idem
679 2907 794 2946 habet

433 2961 471 3000 V
468 2959 563 3000 ictu.
582 2962 639 2999 ita
673 2962 796 3013 asperi

927 999 1134 1048 Proximi
1189 998 1317 1063 ripae*
1346 1010 1393 1047 et
1437 999 1598 1048 vinum

407 1080 513 1129 Cibi
552 1079 807 1144 simplices:
851 1077 1045 1145 agrestia
1079 1094 1235 1142 poma,
1269 1094 1430 1126 recens
1464 1076 1600 1136 fera‚⁴

710 1157 820 1207 Sine
877 1167 1114 1224 apparatu,
1163 1155 1262 1204 sine
1312 1154 1598 1204 blandimen-

1400 1317 1406 1329 .

866 1348 1069 1398 incultique
1102 1352 1147 1384 ut
1184 1344 1302 1398 crusta
1336 1345 1447 1383 ctiam
1487 1357 1600 1383 carne

867 1409 1078 1448 vescantur,
1118 1407 1186 1439 aut
1220 1399 1391 1444 recenti,¹
1417 1403 1485 1436 aut
1517 1398 1600 1436 calm

867 1457 1049 1507 rigentem
1067 1455 1105 1492 in
1120 1454 1210 1505 ipsis
1223 1453 1402 1504 pecudum
1403 1455 1601 1504 serarum·-

868 1524 937 1562 que
956 1510 1067 1548 coriis
1085 1509 1251 1556 manibus
1267 1507 1487 1557 pedibusque
1503 1507 1602 1545 subi-

865 1565 987 1615 gendo
1031 1561 1274 1602 renovarunt.
1349 1561 1460 1598 Panis
1513 1573 1599 1606 usu,

869 1618 1068 1667 carnisque
1087 1624 1220 1662 coctae,
1238 1624 1276 1653 ct
1288 1614 1490 1652 dulcedine
1509 1614 1600 1660 vini,

868 1672 907 1709 in
920 1672 1140 1708 mollissimo
1153 1670 1274 1707 ltaliae
1292 1676 1432 1713 tinctu,
1453 1668 1602 1718 mitiga-

870 1734 943 1763 tam
972 1726 1214 1763 Cimbrorum
1248 1723 1434 1761 feritatem
1466 1722 1600 1760 scribit

871 1781 1018 1824 florus,
1037 1791 1105 1816 111.
1125 1783 1163 1816 3.
1528 1790 1529 1793 ¹

925 1831 938 1853 ⁵
961 1833 1040 1871 Lac
1057 1837 1280 1871 concretum.
1338 1830 1455 1877 Quod
1475 1844 1522 1869 ne
1536 1844 1602 1870 ac-

870 1887 989 1938 cipias
1008 1887 1055 1924 de
1071 1899 1196 1932 caseo,
1214 1885 1307 1923 licet
1322 1893 1480 1923 auctore
1490 1886 1514 1924 J
1521 1886 1601 1924 ulio

864 1942 1030 1987 Caesare,
1059 1940 1157 1978 Bell.
1187 1939 1293 1979 Gall.
1314 1951 1373 1976 vl.
1393 1943 1460 1978 22.
1479 1942 1602 1991 major

862 2008 958 2045 pars
984 1992 1108 2033 victas
1135 2007 1258 2032 eorum
1286 1994 1397 2037 lacte,
1425 2000 1462 2030 et
1482 2007 1600 2041 caseo,

869 2054 906 2086 et
942 2061 1054 2087 carne
1089 2047 1273 2086 constitit.
1333 2045 1493 2094 Plinius,
1529 2049 1598 2098 qui

870 2103 1150 2142 Germanorum
1170 2114 1291 2139 mores
1311 2101 1461 2150 penitus
1488 2114 1601 2138 nove·

869 2163 941 2202 rat,
977 2156 1208 2195 accuratior.
1264 2155 1422 2198 Mirum,
1461 2155 1601 2205 inquit,

871 2210 1048 2248 barbaras
1072 2212 1216 2261 gemm,
1245 2222 1324 2259 quoe
1342 2209 1438 2251 lacte
1455 2209 1600 2255 vivunt,

846 2265 1046 2315 >ignorare
1078 2269 1144 2302 aut
1176 2275 1349 2313 spernere
1377 2268 1435 2301 tot
1467 2264 1601 2301 seculis

871 2318 968 2356 casei
995 2319 1128 2362 dotem,
1157 2319 1352 2354 densantes
1371 2316 1411 2354 id
1434 2317 1600 2366 alioquin

870 2371 907 2408 in
925 2384 1069 2408 acorem
1076 2371 1288 2422 jucundum
1314 2376 1351 2407 et
1372 2370 1511 2421 pingue
1538 2372 1602 2408 Im-

872 2431 1020 2476 tyrum:
1051 2438 1191 2475 spuma,
1219 2425 1259 2461 id
1276 2429 1344 2469 est,
1365 2425 1487 2469 lactis,
1516 2438 1601 2462 con-

872 2479 1094 2528 craierwic,
1113 2479 1220 2529 qusint
1238 2478 1336 2527 quod
1352 2491 1406 2515 set
1414 2491 1474 2516 um
1493 2491 1603 2517 voca-

871 2538 949 2570 tur.
1006 2533 1098 2570 Non
1126 2532 1364 2570 omittendum
1392 2532 1431 2568 in
1463 2546 1504 2569 eo
1531 2533 1604 2570 olei

873 2586 945 2623 vim
964 2599 1052 2631 esse,
1080 2592 1116 2623 et
1136 2587 1314 2623 barbaros
1333 2598 1453 2622 omnes
1479 2585 1605 2637 iigfan-

874 2645 999 2689 tesque
1018 2645 1164 2679 nostros
1183 2641 1239 2677 ita
1256 2639 1360 2688 ungi.
1416 2638 1515 2681 Elin.
1538 2652 1602 2678 XI.

873 2697 938 2730 41.
995 2693 1071 2730 Lac
1092 2694 1181 2744 ergo
1201 2699 1437 2738 concretum,
1458 2693 1505 2730 de
1522 2706 1601 2743 quo

873 2747 1044 2792 Tacitus,
1080 2748 1262 2797 butyrum
1292 2754 1359 2794 est,
1392 2746 1604 2785 Germano·

873 2813 959 2837 rum
976 2801 1086 2838 cibus
1097 2808 1135 2838 et
1150 2808 1402 2851 unguentum,
1415 2808 1459 2838 ut
1476 2801 1603 2839 videre

873 2860 928 2891 est
964 2854 1069 2904 apud
1105 2854 1280 2908 Afollin.
1311 2854 1441 2892 Sidon.
1470 2853 1602 2894 Carni.

875 2919 958 2945 xn-
986 2913 1021 2946 1.
1382 2931 1394 2943 .-
