1768 3236
151 201 234 239 442
699 182 1164 229 SUPPLEMENTUM
1415 191 1468 230 A.
1482 190 1534 231 U.
1548 191 1596 232 c.
1617 196 1711 235 800.
1762 214 1765 217 .

155 297 373 351 Ostorius
397 292 630 360 Scapula,¹
665 292 745 358 qui
766 290 961 341 feliciter
981 303 1135 357 coepta
1157 291 1463 343 continuaret.
1527 293 1708 355 Plautio

153 381 340 428 decreta
361 374 510 424 ovatio
528 393 542 434 ;
559 375 576 395 ²
610 367 888 436 Urbemq'ue
910 371 1118 437 ingresso
1138 371 1322 420 obviam
1343 389 1618 439 progressus
1630 385 1710 435 ⁷*eat

154 456 393 519 Princeps,
428 464 473 501 et
502 451 551 499 in
577 449 859 514 Capitolium
896 449 1041 508 eunti,
1074 448 1274 514 indeque
1311 450 1557 500 revertenti
1593 451 1711 511 latus

155 533 302 593 texit;
336 529 458 579 forte
499 530 621 577 ultra
644 526 991 593 Imperatoriam
1029 529 1330 593 majestatem,
1362 539 1409 576 at
1443 544 1541 577 non
1573 544 1712 595 supra

157 609 324 663 Plautii
346 608 509 658 merita
530 605 688 656 civilis.

165 819 168 822 ,
227 774 275 815 4.
310 767 445 814 HAEc
484 763 603 811 inter
642 760 898 819 recruduit,
932 772 1064 809 vetus
1087 759 1210 810 Urb'i
1243 760 1438 820 malum,
1470 761 1726 828 majestatis-

160 844 357 902 crimen,
391 840 551 889 tuendi
573 839 797 916 Principis
827 837 995 903 specie,
1029 835 1111 886 sed
1132 838 1371 902 praedandi
1393 838 1531 888 causa
1551 838 1716 905 repetir

159 934 277 972 tum.
346 918 565 968 Accusati
616 916 819 982 plurimi.
887 916 1119 982 Ignobiles
1168 927 1313 969 tutata
1356 928 1424 965 est
1464 917 1714 978 humilitas,

161 998 395 1054 dictitante
432 994 663 1060 Principe,
716 1000 750 1023 ‘⁶
773 996 851 1043 De
889 995 1058 1059 pulice,
1106 1005 1159 1042 ut
1197 995 1256 1042 de
1298 993 1431 1053 fera?
1482 1011 1580 1043 non
1616 1010 1716 1045 esse

162 1082 198 1106 “
221 1074 602 1125 vindicandum.”
672 1075 726 1122 In
771 1074 862 1122 hoc
902 1073 1023 1121 stetit
1067 1071 1322 1121 clementia.
1391 1071 1615 1120 Saevitum
1666 1070 1717 1120 in

162 1153 342 1204 nobiles
363 1162 683 1216 potentesque,
702 1150 833 1216 quod
850 1150 936 1198 soli
953 1151 1010 1198 ad
1024 1150 1231 1215 praedam
1247 1149 1523 1199 sufficerent.
1556 1151 1719 1215 Atque

131 1264 135 1269 ·
164 1228 228 1281 ita
249 1229 551 1295 pereuntibus
577 1230 734 1278 deerat
755 1229 893 1277 etiam
916 1218 1164 1277 commune
1187 1229 1273 1277 sub
1295 1226 1524 1293 prioribus
1545 1223 1720 1276 Prind-

164 1308 348 1375 patibus
370 1306 603 1366 solatium,
636 1307 769 1366 cnm,
802 1307 875 1355 vel
899 1306 1127 1367 morituri,
1162 1307 1220 1355 de
1246 1305 1428 1372 Claudii
1451 1302 1722 1368 crudelitate

166 1386 303 1452 queri
346 1401 443 1434 non
485 1396 689 1450 possent,
736 1383 948 1433 uxoriam
993 1386 1091 1451 ejus
1134 1382 1491 1433 imbecillitatem
1535 1372 1721 1435 misera·

164 1475 342 1514 rentur.

234 1627 283 1668 5.
318 1619 449 1677 UNA
473 1615 597 1666 enim
619 1628 689 1665 tot
710 1626 1033 1682 tantarumque
1055 1615 1255 1665 caedium
1278 1633 1414 1665 causa
1430 1627 1527 1665 erat
1543 1617 1720 1667 Messa-

167 1697 275 1746 lina.
342 1694 571 1754 Foemina,
606 1694 848 1743 libidinum
869 1694 1188 1753 adsuetudine,
1212 1705 1257 1741 et
1279 1693 1467 1754 Vitellii,
1489 1693 1720 1745 scelerum

168 1772 388 1832 satellitis,
423 1772 636 1821 societate
658 1773 827 1831 audax,
861 1771 909 1818 in
931 1771 1099 1820 civium
1122 1769 1330 1820 fortunas
1345 1771 1550 1836 vitasque
1571 1770 1723 1837 impu-

169 1852 231 1906 nc
255 1852 559 1918 grassabatur.
629 1853 759 1898 Loco
782 1849 1028 1898 criminum
1050 1861 1180 1898 erant
1196 1849 1437 1898 muliebria
1457 1848 1576 1897 odia.
1644 1847 1723 1901 Sic

169 1929 219 1978 in
251 1928 462 1993 Pompeii
492 1928 695 1994 Magum
727 1944 869 1992 quem
907 1926 1118 1975 nobilitas
1141 1937 1186 1974 et
1213 1943 1322 1974 cum
1347 1925 1542 1975 Caesaris
1577 1926 1723 1975 domo

170 2006 380 2055 adfinitas
419 2005 467 2054 in
507 2005 724 2054 invidiam
770 2005 1077 2064 adduxerant,
1127 2004 1377 2068 perniciem
1424 2003 1530 2051 ruit.
1599 2004 1723 2052 Mox

169 2085 422 2150 Poppaeam
451 2094 498 2132 et
533 2083 771 2140 Valerium
803 2083 1077 2143 Asiaticum,
1110 2082 1254 2141 illam,
1288 2083 1349 2132 ob
1379 2080 1722 2147 praecellentem

232 2304 245 2322 ¹
277 2305 452 2344 Ostorius
484 2305 659 2356 Scapula.
714 2304 785 2343 Vir
811 2304 913 2342 bello
978 2303 1264 2355 triumphantem
1299 2302 1376 2353 ipse
1406 2306 1711 2352 prosequeretur,

175 2360 357 2410 egregius,
387 2367 432 2398 ut
462 2360 614 2397 dicetur
638 2360 737 2396 infra
759 2360 840 2396 Vit.
860 2361 914 2397 A·
979 2364 1016 2398 et
1049 2357 1307 2397 conscendenti
1342 2355 1566 2406 Capitolium
1600 2355 1715 2394 laevus

177 2414 270 2463 grie.
296 2426 386 2451 XIV.
444 2414 503 2450 De
533 2426 611 2463 quo
644 2413 769 2451 multa
798 2426 915 2464 supra
980 2413 1183 2450 incederet.
1244 2434 1246 2436 v

177 2467 320 2505 Annal.
340 2479 420 2505 ΧΠ.
439 2471 489 2505 31
511 2476 548 2505 et
567 2480 644 2518 seq.
1035 2463 1050 2484 ³
1083 2466 1139 2503 Ut
1170 2467 1215 2503 de
1230 2461 1341 2528 f-crd
1400 2462 1490 2507 Dio,
1518 2461 1720 2500 Libr.1.x.

232 2518 251 2536 ²
279 2521 448 2559 Decreta
467 2520 604 2559 ovatio.
645 2521 812 2567 Haec,ct
828 2533 914 2570 quae
982 2534 1021 2571 p.
1049 2516 1142 2585 6851.
1198 2515 1310 2555 Εἶπαν
1346 2514 1410 2558 ὅτι,
1452 2515 1507 2553 Οὖ
1542 2517 1610 2556 τὶν
1623 2515 1724 2557 affl·

177 2582 404 2625 sequuntur,
453 2575 662 2612 Suetonius
700 2574 738 2611 in
774 2573 915 2611 Claud.
980 2588 1046 2625 zen
1066 2588 1122 2624 τςο
1116 2571 1184 2610 ’που
1208 2567 1353 2618 ψυλλοιν
1369 2571 1480 2607 τεκαι
1495 2568 1608 2621 &aglu
1633 2565 1725 2619 εἰμῦ-

179 2641 307 2666 xxw.
359 2628 692 2678 Triumphantcm,
717 2628 821 2678 quod
840 2640 914 2664 non
982 2626 1109 2663 νεα-θυιι.

178 2693 236 2720 est
252 2696 300 2720 ex
322 2681 438 2733 hujus
458 2682 580 2720 aetatis
600 2694 685 2727 usu,
715 2682 912 2719 Plautium
1035 2678 1252 2730 Pompeii
1300 2677 1451 2727 Magni.
1514 2676 1639 2714 Crassi
1684 2682 1724 2714 et

178 2736 329 2774 inducit
348 2736 559 2787 Eutropius
578 2736 616 2772 in
635 2735 776 2773 Claud.
823 2735 914 2772 Tam
992 2733 1203 2771 Scriboniae
1235 2731 1317 2779 filii,
1348 2729 1537 2774 Antoniae,
1566 2729 1725 2768 Claudii

180 2790 302 2828 civilis
319 2787 422 2828 ciria
441 2790 616 2839 quosdam
634 2788 770 2827 amicos
789 2789 916 2826 extitit
985 2786 1087 2833 filiae,
1132 2786 1270 2824 mariti.
1337 2785 1436 2822 vide
1474 2784 1591 2822 stem.
1625 2783 1724 2821 Caes.

179 2843 382 2890 Claudius,
410 2849 451 2881 ut
473 2844 584 2880 etiam
605 2843 797 2880 Plautium
816 2842 918 2879 nobi·
987 2853 1024 2878 n.
1064 2838 1154 2878 106.
1212 2839 1392 2884 Dionem,
1435 2837 1724 2887 Libr.1.x.p.

180 2899 248 2935 lem
280 2898 415 2944 virum,
445 2896 563 2946 quiin
582 2896 810 2948 expeditione
829 2895 919 2933 Bri·
984 2892 1077 2932 668.
1107 2894 1307 2938 Zonaram,
1328 2906 1366 2943 p.
1386 2889 1481 2931 563.
1536 2891 1722 2930 senecam

179 2951 331 2990 tannia-11
357 2951 475 2990 multa
503 2964 547 2988 ac
578 2950 732 3002 egregia
748 2950 918 3002 secetat,
977 2948 1018 2986 iu
1040 2946 1380 2999 Apocolocyntosi.
1451 2955 1454 2958 ⁴
