1768 3236
679 198 1002 238 GERMANIA-

1561 209 1626 247 33·

55 305 118 356 ita
138 303 258 372 pura
290 320 344 353 ac
366 301 655 368 splendente,
678 313 732 350 ut
763 302 993 368 picturam
1022 319 1077 351 ac
1100 302 1376 354 lineamenta
1398 306 1614 360 colorum

54 382 275 434 mutetur.

342 381 505 430 Solent
537 391 584 431 et
618 380 943 430 subterraneos
975 384 1173 446 specus¹
1208 383 1403 447 aperire,
1438 398 1614 453 eosque

56 461 207 510 multo
242 460 431 524 insuper
463 459 578 507 fimo
613 470 825 519 onerant,
859 458 1116 526 suffugium
1150 459 1292 509 hiemi
1327 473 1375 509 et
1406 475 1612 529 recepta.

55 539 217 590 culum
255 535 498 604 frugibus:

551 537 659 603 quia
702 538 909 604 rigorem
952 537 1185 604 frigorum
1231 541 1456 606 ejusmodi
1498 542 1611 593 locis

55 616 300 666 molliunt:
336 628 382 665 et
417 615 455 665 si
489 616 681 681 quando
725 617 879 666 hostis
902 617 1104 677 advenit,
1137 628 1295 682 aperta
1327 619 1608 682 populatur:

53 695 208 745 abdita
228 705 384 743 autem
407 705 453 742 et
476 693 673 756 defossa,
696 707 777 744 aut
798 695 1089 762 ignorantur,
1112 708 1192 745 aut
1212 712 1270 746 eo
1300 697 1411 763 ipso
1424 695 1609 759 fallunt,

52 773 186 839 quod
209 773 462 839 quaerenda
481 784 604 821 sunt.
647 788 663 798 ·“

124 936 202 984 17.
236 931 509 978 TEGUMEN
554 930 771 981 omnibus
812 935 1016 998 sagum,²
1060 929 1225 990 fibula,
1264 942 1362 990 aut,
1401 930 1439 980 si
1473 930 1609 991 desit,

51 1007 183 1073 spina
249 1011 548 1057 consertum.³

54 1085 216 1135 focum
262 1097 401 1152 atque
437 1086 594 1152 ignem
609 1088 624 1115 ⁵
657 1099 816 1153 agunt.

641 1010 809 1058 Cetera
832 1034 837 1039 ·

879 1009 1075 1069 intecti,⁴
1142 1020 1264 1057 totos
1322 1008 1420 1056 dies
1471 1011 1608 1075 juxta

852 1138 856 1144 ,
887 1087 1257 1152 Locupletissimi
1293 1098 1417 1135 veste
1451 1086 1606 1135 distin-

52 1174 280 1231 guuntur,
329 1179 427 1212 non
483 1162 706 1225 fluitante,
751 1164 870 1214 sicut
913 1168 1137 1216 Sarmatae
1183 1182 1236 1214 ac
1280 1161 1478 1224 Parthi,⁶
1522 1164 1606 1214 sed

60 1318 293 1366 Walcheren,
337 1319 377 1357 in
413 1319 608 1367 zelandia,
644 1328 794 1372 reperta

57 1382 150 1413 sunt
194 1370 364 1425 pluiima
403 1382 652 1418 anumenta
700 1376 796 1413 Deae

58 1427 308 1466 Nehalenniae
329 1428 466 1478 posita.
524 1430 627 1466 Inter
647 1427 790 1475 votivas

56 1482 326 1534 Inscriptiones
343 1496 420 1520 una
436 1490 561 1521 extat:
583 1496 607 1522 o
619 1494 644 1521 R
667 1496 791 1522 MER-

23 1535 138 1575 sciz‘s
179 1549 296 1575 Rrrr.
333 1548 699 1576 CONSERVATAS
743 1550 791 1578 M.

55 1596 266 1630 steven).
307 1603 567 1630 suvAst
606 1603 792 1630 ιιι-,ουτ-

54 1657 154 1683 'ron
170 1645 227 1695 (id
246 1654 312 1691 est,
333 1645 574 1696 negotiator)
610 1658 632 1683 c
645 1657 794 1684 Rern-

48 1710 170 1751 quvs
199 1711 658 1738 BRITANNICIANVS
690 1712 730 1738 v.
759 1712 791 1739 s.

59 1764 99 1792 L.
116 1756 165 1791 'u-
198 1753 242 1791 Id
262 1761 330 1802 est,
363 1759 490 1793 vorum
519 1754 634 1792 solvit
666 1754 792 1794 lubens

53 1806 198 1845 merito.

112 1860 428 1907 'Subterraneos
444 1874 586 1911 specus
614 1860 679 1900 Sic
697 1874 793 1912 quo-

55 1928 132 1966 que
143 1916 198 1952 de
223 1915 405 1953 Saimatis
435 1915 555 1962 Mela,
585 1921 693 1953 11.1.
735 1908 845 1955 Oli-⁹

20 1993 30 2002 ι
55 1981 154 2008 sceva
173 1969 299 2008 hiemis
317 1968 511 2008 admodum
531 1969 700 2016 assiduoe,
727 1970 790 2008 ‹le-

55 2023 185 2061 mersis
221 2023 260 2061 in
293 2024 437 2062 smmum
472 2023 628 2070 sedibus,
661 2036 789 2074 specus

54 2082 123 2114 aut
154 2078 311 2127 suffossa
347 2077 530 2115 habitant.
562 2077 789 2123 Kirchcrus,

54 2138 167 2169 aetate
185 2130 269 2175 sua,
287 2131 379 2170 cum
393 2131 600 2169 Germania
616 2144 790 2182 perqua-

55 2182 231 2235 draginta
259 2184 335 2223 fore
362 2197 479 2223 annos
511 2185 620 2224 bellis
650 2186 791 2224 confla-

54 2239 192 2289 gravit,
218 2240 316 2276 vidit
341 2239 552 2277 Germanos
580 2239 789 2291 quamplu-

56 2292 185 2340 rimos,
210 2293 277 2344 qui
305 2305 344 2331 se
364 2305 454 2331 cum
487 2295 704 2345 pecoribuS,
733 2307 792 2332 ar-

56 2347 206 2395 mentis,
232 2347 443 2398 ceterisque
472 2348 723 2389 facultatibus
750 2349 790 2385 in

56 2398 329 2439 altissimorum
348 2402 535 2440 montium
562 2409 673 2440 antra
696 2403 791 2440 reci-

58 2460 202 2504 perent.
258 2455 317 2493 De
339 2454 397 2493 his
425 2455 584 2507 aliisque
601 2457 791 2494 subterra-

5 2527 7 2530 ·
56 2508 137 2555 ιιρὶἑ
174 2510 369 2559 ερρειὼιιε
402 2509 527 2547 multa
556 2516 594 2548 et
639 2512 791 2549 curiosa

56 2560 173 2600 habet
196 2562 419 2609 Kircherus‚
449 2563 618 2602 Mundus
637 2563 791 2603 Subter-

56 2628 204 2662 rancus,
226 2628 323 2655 vnx.
342 2621 380 2655 3.
399 2630 438 2667 p.
461 2621 552 2655 100.

105 2667 128 2697 .²
173 2669 326 2722 Sugum.
382 2670 550 2708 Pallium
594 2669 789 2721 quoddam

57 2723 248 2774 quadrum
270 2725 345 2763 fuit
369 2737 517 2776 sagum,
546 2724 673 2763 dictus
696 2739 793 2774 quo-

58 2790 134 2827 que
152 2777 279 2816 rheno.
306 2778 389 2817 Jul.
410 2779 550 2827 Caesar,
568 2777 664 2817 Bell
684 2778 789 2817 Gall.

58 2841 119 2869 vl.
139 2835 204 2870 21.
234 2830 412 2878 Pellibus,
430 2838 499 2870 aut
514 2832 647 2884 parvis
661 2833 794 2871 rheno-

55 2897 144 2943 stum
179 2886 401 2951 tegumentis
436 2891 619 2931 wantum
654 2886 792 2938 magud

55 2927 226 2997 corporzs
239 2944 353 2990 parte
371 2937 487 2978 nudd.
534 2940 587 2980 Et
605 2940 791 2986 Isidorus,

60 2985 159 3031 xxx'·
176 2996 242 3033 23.
278 2991 486 3041 Ramnes,
502 2998 591 3034 sunt
607 2993 792 3035 velamina

255 3071 371 3105 VOL.
397 3071 473 3105 111.

866 1322 1098 1361 humerorum
1130 1329 1172 1360 et
1202 1322 1369 1382 pectoris
1405 1334 1520 1372 usque
1554 1322 1604 1360 ad

865 1376 1087 1423 umbilicum,
1132 1382 1246 1428 etque
1299 1375 1456 1413 intortis
1499 1375 1605 1414 villis

865 1430 956 1468 adeo
988 1430 1147 1481 hispida,
1176 1436 1219 1468 ut
1247 1424 1380 1468 imbres
1409 1435 1601 1479 respuant.

867 1484 987 1527 Mela,
1000 1497 1077 1522 ιιι.
1098 1489 1137 1523 3,
1173 1485 1259 1523 Viri
1284 1483 1388 1536 sagis
1411 1484 1602 1531 velantur,

866 1544 932 1576 aue
961 1539 1067 1577 libris
1091 1541 1279 1584 arborum,
1308 1537 1474 1589 quamvis
1501 1537 1602 1576 soeva

853 1592 994 1631 ·hieme.
1025 1593 1120 1631 Haec
1142 1593 1238 1630 forte
1256 1603 1471 1643 pauperum
1494 1598 1603 1652 tegu-

866 1654 1007 1684 menta.
1062 1647 1100 1685 Si
1121 1647 1166 1684 de
1185 1648 1469 1687 Germanorum
1489 1645 1602 1684 vesti-

866 1701 936 1738 bus
965 1700 1080 1752 plura
1103 1701 1282 1749 volueris,
1310 1699 1374 1738 adi
1401 1699 1600 1739 eruditum

866 1755 1087 1802 Pelloutier,
1096 1755 1174 1794 His
1177 1755 1272 1794 toire
1284 1756 1347 1794 des
1355 1752 1491 1802 Celtes,
1501 1765 1550 1791 11.
1559 1749 1598 1792 6.

916 1859 933 1883 ²
965 1860 1086 1914 Spina
1117 1868 1341 1902 consertum.
1387 1860 1454 1900 Sic
1486 1861 1598 1911 Virg.

864 1917 1015 1956 AEneid.
1035 1929 1105 1956 111.
1125 1921 1219 1963 593.

998 2026 1177 2053 consertum
1188 2029 1304 2060 tegmen
1316 2025 1422 2058 spinis.

914 2126 935 2150 4
963 2128 1098 2169 Cetera
1118 2130 1264 2184 intecti.
1296 2129 1382 2167 Viri
1403 2129 1600 2168 mulieres-

864 2196 939 2234 que
955 2183 1009 2222 ita
1022 2183 1167 2222 intecti.
1187 2184 1289 2221 Vide
1303 2183 1326 2222 J
1331 2183 1455 2221 ulium
1472 2185 1600 2224 Caesa-

862 2251 955 2285 rem,
976 2238 1077 2276 Bell.
1096 2235 1280 2276 Gallstvi.
1301 2242 1367 2277 21.

918 2289 931 2312 ⁵
961 2292 995 2331 J
994 2299 1084 2331 uxta
1088 2291 1223 2344 focum
1241 2297 1353 2342 atque
1371 2291 1506 2342 ignem·
1544 2291 1596 2330 Et

862 2346 978 2384 sane
969 2356 1067 2384 intel
1079 2346 1175 2383 fumi
1188 2345 1362 2383 vortices.
1381 2345 1446 2382 Sic
1461 2344 1598 2384 vivunt

862 2401 1019 2438 Cauadt
1011 2413 1104 2438 nses
1123 2399 1274 2451 populi.
1303 2399 1504 2449 Ingentes
1495 2411 1598 2450 lgnes

863 2454 901 2492 in
930 2454 1141 2492 stramineis
1165 2466 1298 2491 eorum
1327 2453 1422 2491 casis
1451 2453 1599 2493 ardent.

865 2509 1039 2559 Superne
1055 2508 1212 2558 quidem
1227 2508 1401 2546 imminet
1414 2519 1597 2556 magnum

863 2563 1045 2608 smamen,
1066 2563 1171 2613 quod
1191 2568 1311 2600 noctu
1332 2560 1538 2599 adversus
1530 2573 1600 2598 im-

866 2616 993 2654 brium
1029 2617 1201 2665 nivisque
1236 2627 1348 2653 casus
1393 2613 1600 2653 claudunt.

862 2670 989 2708 Tanta
1031 2670 1121 2709 vero
1164 2669 1260 2707 fumi
1294 2671 1428 2715 nubes,
1465 2676 1522 2714 ut,
1557 2667 1598 2706 ni

862 2723 976 2774 longa
1003 2732 1098 2762 esset
1124 2723 1352 2769 adsuetudo,
1373 2730 1410 2760 et
1439 2722 1478 2759 in
1498 2719 1599 2762 terr&-

865 2779 932 2815 ubi
953 2778 1070 2816 levior
1086 2785 1141 2815 est
1164 2790 1242 2823 aer,
1266 2779 1506 2823 recubarent,
1532 2788 1601 2826 pe-

863 2832 966 2870 nitus
983 2833 1270 2870 suffocarentur.

916 2881 936 2904 ⁶
965 2886 1120 2924 Parthi.
1142 2885 1373 2923 Flu-itantem
1394 2883 1494 2922 hanc
1514 2883 1602 2920 Sar-

864 2945 1057 2978 matarum
1100 2952 1147 2978 ac
1181 2938 1413 2978 Parthorum
1457 2943 1598 2975 vestem

865 2994 1016 3033 nummi
1047 2992 1470 3048 plutimiexprimunt.
1511 2990 1599 3028 Sar-

1233 3071 1263 3103 C
