1768 3236
38 180 79 225 J.
105 180 153 220 C.
178 181 246 223 71.
315 178 394 218 ΑΙ)
422 176 635 216 LIBRUM
664 176 926 223 QUINTUM
954 175 1355 215 HISTORIARUM.

1483 178 1562 215 535

34 283 136 348 cipe
157 281 428 349 emendandi
449 280 628 328 initium
649 277 771 328 fecit.
813 278 1106 328 circumcisis
1127 278 1266 344 igitur
1282 277 1566 343 principatus

33 359 311 418 libidinibus,
359 376 464 423 quae
503 374 590 406 usu
628 357 677 404 in
721 355 948 421 dignitatis
991 367 1201 404 naturam
1240 367 1589 421 ornamentave¹

33 448 278 496 cesserant,
310 436 357 483 id
396 434 595 482 maxime
622 431 696 482 'ex
734 433 999 481 auctoritate
1037 431 1289 496 usurpavit,
1338 450 1433 496 quo
1467 433 1564 498 ipse

32 512 158 564 foret
178 513 336 579 legum
357 511 623 577 praesidium
639 522 686 558 et
701 509 1002 574 exemplum.¹

103 662 185 717 48.
219 668 440 732 ΙΤΑΩΠΕ,
474 677 525 714 ut
555 663 787 729 popularis
824 664 972 722 fieret,
1005 679 1135 712 rarus
1172 662 1221 711 in
1258 663 1441 728 palatio,
1473 663 1565 714 fre·

37 762 186 812 quens
198 745 246 793 in
263 744 406 792 hortis
423 741 700 792 Sallustianis
716 745 751 789 :²
772 757 857 789 nec
871 740 994 809 fores
1017 741 1045 788 Ξι
1064 740 1329 789 satellitibus
1350 744 1564 803 obsessae,

37 823 121 872 sed
153 821 296 871 facilis
325 821 470 870 cuivis
504 820 684 869 aditus.³
754 819 915 867 Amoti
947 818 1082 869 etiam
1120 835 1357 866 armorum
1395 831 1565 870 scruta-

38 902 199 958 tores,⁴
230 914 432 963 quorum
454 898 563 946 usus
584 899 671 946 sub
693 897 920 961 prioribus
941 896 1242 961 Principibus,
1265 907 1310 944 et
1325 896 1444 945 inter
1458 897 1565 946 civi-

38 975 156 1025 lium
193 974 525 1024 discordiarum
566 986 720 1023 motus
758 974 1023 1022 invaluerat.
1094 972 1384 1031 Conscientia
1422 986 1566 1035 tutus,

39 1043 201 1103 *nemis
222 1051 510 1101 secufitatem
549 1052 740 1111 addidit,
773 1051 959 1100 sublatis
995 1051 1236 1116 mjesmds
1269 1051 1567 1100 affininibus..⁵

39 1130 96 1178 In
117 1127 205 1178 hac
227 1116 412 1193 publica
433 1129 772 1194 tranquillitate,
795 1128 1076 1193 principatus
1098 1127 1253 1175 munia
1268 1127 1396 1176 obire
1415 1145 1567 1177 occoe·

41 1205 136 1271 pit:
172 1206 399 1254 maturius
420 1222 619 1270 semper,
652 1223 705 1254 ac
744 1205 803 1253 de
837 1216 973 1253 nocte
1009 1205 1135 1270 vigil,
1168 1204 1378 1268 epistolas
1399 1204 1569 1254 officio·

41 1299 253 1349 rumque,
262 1283 472 1331 omnium
494 1283 714 1331 breviaria
734 1282 971 1348 perlegere
986 1279 1029 1330 :⁶
1061 1299 1175 1329 mox
1210 1283 1380 1330 amicos
1409 1283 1570 1339 admit·

42 1364 256 1418 tere‚bet
288 1360 406 1408 inter
444 1361 738 1417 salutantium
776 1361 995 1426 obsequia
1032 1361 1246 1409 calceare(
1270 1360 1366 1424 ipse
1404 1377 1502 1408 sese
1523 1352 1570 1411 et

42 1434 286 1485 amicire?
333 1437 440 1500 pbst
473 1437 522 1485 in
555 1450 714 1487 senatu
746 1438 807 1487 de
841 1438 1078 1503 republica
1112 1437 1386 1495 consultare,
1418 1437 1491 1485 vel
1521 1438 1571 1486 in

43 1510 181 1562 foro-⁹
207 1515 283 1579 jus
317 1514 500 1562 dicere:
548 1516 738 1564 remisso
775 1516 925 1563 inde¹⁰
982 1515 1224 1579 paululum
1262 1513 1432 1572 animo,
1464 1512 1572 1562 faci-

46 1588 102 1638 lis
133 1584 365 1656 civilisque
381 1593 412 1614 ¹¹
462 1608 572 1640 cum
609 1593 890 1641 senatoribus
939 1591 1144 1656 aliisque,
1193 1607 1274 1638 seu
1313 1589 1456 1649 domi,
1489 1609 1572 1643 seu

900 1755 916 1778 ⁷
934 1757 1160 1796 Admittere.
1180 1757 1334 1795 Sueton·
1355 1759 1449 1797 ibid.
1468 1759 1571 1800 Inter

848 1812 1071 1862 Vespasiani
1119 1811 1262 1848 amicos
1306 1812 1378 1849 fuit
1423 1813 1570 1850 Plinius

848 1866 981 1911 senior,
1026 1866 1072 1902 de
1117 1877 1194 1915 quo
1232 1865 1364 1914 junior
1409 1865 1568 1912 Plinius,

49 1917 205 1955 mentius
230 1923 298 1962 est,
326 1917 413 1955 vitae
440 1917 571 1967 specie,
599 1918 773 1957 vitiorum
851 1920 924 1970 Ep.
952 1930 1020 1956 111.
1050 1922 1086 1956 5.
1143 1919 1244 1956 Ante
1271 1919 1385 1956 lucem
1411 1918 1487 1957 ibae
1519 1920 1569 1958 ad

46 1971 161 2020 plura
180 1971 403 2008 aboleverat.
853 1972 1114 2022 Vespasianum
1147 1972 1437 2021 Imperatorem:
1486 1986 1570 2011 nam

104 2019 124 2039 ²
139 2023 352 2074 Frequens
339 2037 376 2060 m
390 2024 507 2062 hortis
521 2024 774 2063 Sallustianis.
849 2027 912 2064 ille
934 2038 1081 2076 quoque
1093 2025 1257 2062 noctibus
1277 2026 1463 2063 utebatur.

52 2076 145 2120 Dio,
185 2089 306 2115 vax.
346 2090 385 2138 p.
415 2082 506 2120 750.
563 2079 621 2115 De
658 2078 774 2116 hortis
900 2075 914 2097 ⁸
945 2078 998 2115 Et
1015 2078 1178 2116 aweit-ire.
1208 2078 1362 2118 Sueten.
1393 2079 1465 2117 loc.
1502 2078 1570 2120 cit.

103 1756 117 1774 ¹
147 1757 202 1795 Et
218 1757 426 1808 exemplum.
473 1757 574 1795 Bene
592 1759 774 1796 Aurelius

50 1810 202 1855 Victor,
256 1811 295 1848 in
341 1810 529 1860 Epitome.
613 1811 773 1863 Legibus

51 1864 263 1914 aqui-ssimae
281 1865 469 1909 monendo,
488 1864 653 1914 quodque
672 1866 775 1903 vehe-

54 2129 294 2168 sallustianis
337 2131 419 2180 jam
466 2132 615 2169 dictum
659 2144 786 2183 supra-

54 2182 157 2226 Hist.
179 2196 247 2221 111.
276 2187 339 2222 82.

106 2232 122 2256 ³
152 2235 278 2275 Cuivis
295 2237 433 2275 aditus.
464 2234 553 2283 Dio,
580 2238 674 2276 ibid.

103 2287 125 2310 ⁴*
141 2290 341 2328 Armorum
353 2295 596 2329 scrutatores.
620 2292 682 2329 Ne
684 2291 780 2342 quis

52 2342 152 2381 ferro
182 2343 379 2381 accinctus
405 2344 615 2395 Principem
645 2337 777 2383 adiret.

54 2395 186 2442 Quam
220 2398 375 2435 acerbos
409 2406 636 2436 scrutatores
671 2398 779 2436 adhi-

54 2449 181 2487 buerit
195 2450 396 2495 Claudius,
423 2451 507 2488 vide
523 2452 626 2502 apud
647 2452 782 2489 Sueto-

53 2502 163 2541 nium
191 2504 231 2540 in
259 2503 398 2541 Claud.
435 2516 566 2540 xxxv.
637 2505 781 2543 Contra

56 2556 326 2607 Vespasianus,
354 2557 663 2599 consuetudinem
680 2559 783 2596 salu·

56 2615 177 2648 tante-s
204 2610 412 2656 scrutandi,
452 2618 622 2648 manente
651 2612 780 2650 adhuc

57 2662 160 2700 bello
179 2663 296 2708 civili,
322 2664 513 2702 omiserat.
556 2663 713 2703 Sueton.
742 2665 781 2703 in

6 2715 7 2719 ’
60 2715 221 2768 Vespas.
241 2728 323 2755 111.

110 2766 125 2790 ⁸
169 2769 389 2821 Mayestatis
419 2770 643 2809 criminibus.
690 2760 783 2818 Dio,

60 2832 183 2860 ωσι.
203 2836 240 2872 p.
257 2827 348 2868 749.

19 2875 33 2894 ’
112 2871 132 2893 ⁶
160 2875 358 2915 Brevioria
370 2877 578 2930 perlegere.
625 2877 782 2918 Sueto'n.

58 2927 99 2968 in
117 2929 273 2982 Voepas.
294 2942 382 2970 xxx.

899 2131 917 2153 ⁹
945 2131 1037 2169 Pbst
1066 2132 1103 2168 in
1135 2133 1379 2170 senatu—vel
1406 2132 1444 2169 in
1455 2132 1570 2182 foro.

851 2186 941 2232 Dio,
972 2197 1085 2223 wa.
1115 2198 1153 2236 p.
1173 2189 1264 2227 750.
1306 2186 1459 2224 Sueton.
1492 2186 1568 2224 loc.

848 2239 914 2277 cit.

903 2289 1112 2330 ”Remissa
1125 2291 1223 2330 inde.
1242 2264 1421 2331 Aurelius
1432 2293 1570 2331 Victor

849 2346 889 2382 in
910 2346 1098 2395 Epitome.
1157 2345 1333 2384 Exerceri
1350 2348 1569 2394 vectatione,

850 2398 978 2436 deinde
1007 2399 1255 2449 requiescere.-
1294 2399 1478 2450 postremi)
1507 2401 1570 2438 ubi

849 2451 1014 2497 lazisset,
1056 2453 1260 2490 remissiore
1292 2453 1411 2491 animo
1446 2453 1570 2492 convi-

850 2505 946 2542 vium
963 2507 1132 2543 curabat
1161 2506 1260 2543 Vide
1278 2513 1316 2544 et
1331 2507 1571 2553 Suetonium,

850 2559 926 2596 loc.
943 2559 1010 2596 cit.

903 2610 1094 2650 “Facilis
1106 2611 1308 2663 civilisque.
1327 2613 1370 2650 In
1382 2613 1439 2652 his
1449 2614 1571 2665 epulis

851 2677 920 2702 nec
947 2664 1078 2709 luxus,
1106 2678 1174 2703 nec
1204 2678 1333 2715 ganea,
1370 2668 1431 2704 sed
1461 2680 1571 2717 super

851 2722 998 2763 ceruam,
1026 2724 1064 2756 et
1091 2732 1230 2770 semper
1248 2720 1344 2758 alitis
1362 2721 1573 2758 communis-

851 2771 975 2816 sima-s,
1031 2772 1148 2810 multa
1185 2775 1279 2822 joco
1328 2774 1573 2821 transigebat.

853 2824 1007 2862 Sueton-
1033 2825 1071 2862 in
1096 2826 1251 2875 Vespas.
1272 2838 1381 2863 xxxi.
1437 2827 1577 2864 cmvi-

853 2878 1014 2916 vabatur
1029 2878 1127 2928 saepe.
1144 2887 1181 2915 et
1206 2879 1426 2925 lautissime,
1455 2879 1580 2929 quali·

853 2936 909 2970 tet
923 2931 1032 2970 decet
1046 2932 1274 2984 Principem,
1287 2941 1323 2970 et
1337 2940 1380 2971 ut
1389 2944 1577 2971 annonam
