<?xml version="1.0" encoding="UTF-8"?>
<!DOCTYPE html PUBLIC "-//W3C//DTD XHTML 1.0 Transitional//EN"
    "http://www.w3.org/TR/xhtml1/DTD/xhtml1-transitional.dtd">
<html xmlns="http://www.w3.org/1999/xhtml" xml:lang="en" lang="en">
 <head>
  <title>
</title>
<meta http-equiv="Content-Type" content="text/html;charset=utf-8" />
  <meta name='ocr-system' content='tesseract 3.04.00' />
  <meta name='ocr-capabilities' content='ocr_page ocr_carea ocr_par ocr_line ocrx_word'/>
</head>
<body>
  <div class='ocr_page' id='page_1' title='image "./operarecognovite04taciuoft/operarecognovite04taciuoft_0601.png"; bbox 0 0 1768 3236; ppageno 0'>
   <div class='ocr_carea' id='block_1_1' title="bbox 305 122 1583 209">
    <p class='ocr_par' dir='ltr' id='par_1_1' title="bbox 305 122 1583 209">
     <span class='ocr_line' id='line_1_1' title="bbox 305 122 1583 209; baseline -0.001 -8"><span class='ocrx_word' id='word_1_1' title='bbox 305 163 315 174; x_wconf 81' lang='lat'><em>⁰</em></span> <span class='ocrx_word' id='word_1_2' title='bbox 360 162 442 201; x_wconf 81' lang='lat' dir='ltr'><strong>AD</strong></span> <span class='ocrx_word' id='word_1_3' title='bbox 468 156 652 201; x_wconf 83' lang='lat' dir='ltr'>VITAM</span> <span class='ocrx_word' id='word_1_4' title='bbox 680 158 770 200; x_wconf 78' lang='lat' dir='ltr'><strong>CN.</strong></span> <span class='ocrx_word' id='word_1_5' title='bbox 797 154 909 200; x_wconf 78' lang='lat' dir='ltr'><strong>JUL.</strong></span> <span class='ocrx_word' id='word_1_6' title='bbox 937 158 1246 200; x_wconf 81' lang='lat' dir='ltr'><strong>AGRICOLAE.</strong></span> <span class='ocrx_word' id='word_1_7' title='bbox 1388 122 1393 129; x_wconf 27' lang='lat' dir='ltr'><em>l</em></span> <span class='ocrx_word' id='word_1_8' title='bbox 1502 161 1583 209; x_wconf 77' lang='lat'><strong>589</strong></span> 
     </span>
    </p>
   </div>
   <div class='ocr_carea' id='block_1_2' title="bbox 34 262 1583 1077">
    <p class='ocr_par' dir='ltr' id='par_1_2' title="bbox 39 262 1583 546">
     <span class='ocr_line' id='line_1_2' title="bbox 99 262 1583 322; baseline -0.001 -13"><span class='ocrx_word' id='word_1_9' title='bbox 99 263 323 322; x_wconf 74' lang='lat' dir='ltr'><strong>Inter-septi</strong></span> <span class='ocrx_word' id='word_1_10' title='bbox 339 265 548 308; x_wconf 66' lang='lat' dir='ltr'><strong>exercitum.</strong></span> <span class='ocrx_word' id='word_1_11' title='bbox 606 262 673 306; x_wconf 84' lang='lat' dir='ltr'><strong>Ita</strong></span> <span class='ocrx_word' id='word_1_12' title='bbox 692 262 798 307; x_wconf 70' lang='lat' dir='ltr'><strong>MS.</strong></span> <span class='ocrx_word' id='word_1_13' title='bbox 818 263 956 307; x_wconf 78' lang='lat' dir='ltr'><strong>Vatic.</strong></span> <span class='ocrx_word' id='word_1_14' title='bbox 976 269 1104 312; x_wconf 76' lang='lat'><strong>3429.</strong></span> <span class='ocrx_word' id='word_1_15' title='bbox 1124 263 1183 306; x_wconf 88' lang='lat' dir='ltr'><strong>sic</strong></span> <span class='ocrx_word' id='word_1_16' title='bbox 1204 277 1370 320; x_wconf 87' lang='lat' dir='ltr'><strong>quoque</strong></span> <span class='ocrx_word' id='word_1_17' title='bbox 1391 262 1583 319; x_wconf 71' lang='lat' dir='ltr'><strong>placebat</strong></span> 
     </span>
     <span class='ocr_line' id='line_1_3' title="bbox 39 338 1583 397; baseline -0.001 -13"><span class='ocrx_word' id='word_1_18' title='bbox 39 339 319 384; x_wconf 81' lang='lat' dir='ltr'><strong>Freinshemio</strong></span> <span class='ocrx_word' id='word_1_19' title='bbox 339 339 508 397; x_wconf 84' lang='lat' dir='ltr'><strong>aliisque</strong></span> <span class='ocrx_word' id='word_1_20' title='bbox 527 338 697 382; x_wconf 85' lang='lat' dir='ltr'><strong>eruditis</strong></span> <span class='ocrx_word' id='word_1_21' title='bbox 714 338 823 380; x_wconf 86' lang='lat' dir='ltr'><strong>viris.</strong></span> <span class='ocrx_word' id='word_1_22' title='bbox 883 338 1156 381; x_wconf 86' lang='lat' dir='ltr'><strong>Multitudine</strong></span> <span class='ocrx_word' id='word_1_23' title='bbox 1174 338 1284 380; x_wconf 85' lang='lat' dir='ltr'><strong>enim</strong></span> <span class='ocrx_word' id='word_1_24' title='bbox 1314 339 1583 382; x_wconf 81' lang='lat' dir='ltr'><strong>barbarorum</strong></span> 
     </span>
     <span class='ocr_line' id='line_1_4' title="bbox 39 411 1579 469; baseline -0.003 -11"><span class='ocrx_word' id='word_1_25' title='bbox 39 415 305 458; x_wconf 80' lang='lat' dir='ltr'><strong>circumventi</strong></span> <span class='ocrx_word' id='word_1_26' title='bbox 324 422 418 457; x_wconf 84' lang='lat' dir='ltr'><strong>sunt</strong></span> <span class='ocrx_word' id='word_1_27' title='bbox 436 412 654 465; x_wconf 82' lang='lat' dir='ltr'><strong>exercitus,</strong></span> <span class='ocrx_word' id='word_1_28' title='bbox 682 421 731 454; x_wconf 90' lang='lat' dir='ltr'><strong>ut</strong></span> <span class='ocrx_word' id='word_1_29' title='bbox 762 412 919 455; x_wconf 86' lang='lat' dir='ltr'><strong>dictum</strong></span> <span class='ocrx_word' id='word_1_30' title='bbox 948 421 1010 455; x_wconf 86' lang='lat' dir='ltr'><strong>est</strong></span> <span class='ocrx_word' id='word_1_31' title='bbox 1039 427 1163 469; x_wconf 82' lang='lat' dir='ltr'><strong>supra</strong></span> <span class='ocrx_word' id='word_1_32' title='bbox 1190 411 1341 454; x_wconf 87' lang='lat' dir='ltr'><strong>Annal.</strong></span> <span class='ocrx_word' id='word_1_33' title='bbox 1374 426 1478 454; x_wconf 85' lang='lat' dir='ltr'>xlv.</span> <span class='ocrx_word' id='word_1_34' title='bbox 1508 418 1579 455; x_wconf 75' lang='lat'><strong>32.</strong></span> 
     </span>
     <span class='ocr_line' id='line_1_5' title="bbox 42 487 865 546; baseline -0.004 -14"><span class='ocrx_word' id='word_1_35' title='bbox 42 488 268 546; x_wconf 70' lang='lat' dir='ltr'><strong>Pei-peram</strong></span> <span class='ocrx_word' id='word_1_36' title='bbox 286 489 327 531; x_wconf 90' lang='lat' dir='ltr'><strong>in</strong></span> <span class='ocrx_word' id='word_1_37' title='bbox 345 488 461 531; x_wconf 83' lang='lat' dir='ltr'><strong>libris</strong></span> <span class='ocrx_word' id='word_1_38' title='bbox 478 487 610 539; x_wconf 83' lang='lat' dir='ltr'><strong>editis,</strong></span> <span class='ocrx_word' id='word_1_39' title='bbox 639 487 865 544; x_wconf 76' lang='lat' dir='ltr'><strong><em>intercepti.</em></strong></span> 
     </span>
    </p>

    <p class='ocr_par' dir='ltr' id='par_1_3' title="bbox 34 560 1580 1077">
     <span class='ocr_line' id='line_1_6' title="bbox 97 560 1580 618; baseline -0.003 -12"><span class='ocrx_word' id='word_1_40' title='bbox 97 563 246 606; x_wconf 81' lang='lat' dir='ltr'><em>Artem</em></span> <span class='ocrx_word' id='word_1_41' title='bbox 278 571 317 606; x_wconf 84' lang='lat' dir='ltr'><strong>et</strong></span> <span class='ocrx_word' id='word_1_42' title='bbox 349 578 479 606; x_wconf 81' lang='lat' dir='ltr'><strong>usum.</strong></span> <span class='ocrx_word' id='word_1_43' title='bbox 540 561 693 605; x_wconf 79' lang='lat' dir='ltr'><strong>Manet</strong></span> <span class='ocrx_word' id='word_1_44' title='bbox 727 562 910 618; x_wconf 88' lang='lat' dir='ltr'>Lipsius,</span> <span class='ocrx_word' id='word_1_45' title='bbox 953 569 1136 605; x_wconf 63' lang='lat' dir='ltr'><strong>attamen</strong></span> <span class='ocrx_word' id='word_1_46' title='bbox 1166 567 1207 603; x_wconf 83' lang='lat' dir='ltr'><strong>et</strong></span> <span class='ocrx_word' id='word_1_47' title='bbox 1235 576 1363 603; x_wconf 82' lang='lat' dir='ltr'><strong>usum.</strong></span> <span class='ocrx_word' id='word_1_48' title='bbox 1421 560 1580 607; x_wconf 73' lang='lat' dir='ltr'><strong>Verum</strong></span> 
     </span>
     <span class='ocr_line' id='line_1_7' title="bbox 34 634 1578 695; baseline -0.001 -14"><span class='ocrx_word' id='word_1_49' title='bbox 34 637 219 695; x_wconf 81' lang='lat' dir='ltr'><strong>intellige</strong></span> <span class='ocrx_word' id='word_1_50' title='bbox 249 646 402 695; x_wconf 85' lang='lat' dir='ltr'><strong>potest,</strong></span> <span class='ocrx_word' id='word_1_51' title='bbox 435 644 566 680; x_wconf 79' lang='lat' dir='ltr'><strong>artem</strong></span> <span class='ocrx_word' id='word_1_52' title='bbox 598 644 735 679; x_wconf 82' lang='lat' dir='ltr'><strong>tamen</strong></span> <span class='ocrx_word' id='word_1_53' title='bbox 766 643 806 678; x_wconf 78' lang='lat' dir='ltr'><strong>et</strong></span> <span class='ocrx_word' id='word_1_54' title='bbox 838 651 967 679; x_wconf 77' lang='lat' dir='ltr'><strong>usum.</strong></span> <span class='ocrx_word' id='word_1_55' title='bbox 1027 638 1150 692; x_wconf 86' lang='lat' dir='ltr'><strong>Saepe</strong></span> <span class='ocrx_word' id='word_1_56' title='bbox 1181 634 1395 687; x_wconf 90' lang='lat' dir='ltr'><strong>omittitur,</strong></span> <span class='ocrx_word' id='word_1_57' title='bbox 1427 642 1578 679; x_wconf 80' lang='lat' dir='ltr'><strong>tamen.</strong></span> 
     </span>
     <span class='ocr_line' id='line_1_8' title="bbox 41 709 1578 767; baseline -0.001 -11"><span class='ocrx_word' id='word_1_58' title='bbox 41 712 126 756; x_wconf 87' lang='lat' dir='ltr'><strong>Per</strong></span> <span class='ocrx_word' id='word_1_59' title='bbox 155 719 287 755; x_wconf 79' lang='lat' dir='ltr'><strong>artem</strong></span> <span class='ocrx_word' id='word_1_60' title='bbox 317 712 430 755; x_wconf 89' lang='lat' dir='ltr'><strong>illam</strong></span> <span class='ocrx_word' id='word_1_61' title='bbox 462 710 651 767; x_wconf 80' lang='lat' dir='ltr'><strong>intelligit</strong></span> <span class='ocrx_word' id='word_1_62' title='bbox 676 709 889 763; x_wconf 86' lang='lat' dir='ltr'><strong>militandi,</strong></span> <span class='ocrx_word' id='word_1_63' title='bbox 931 719 976 753; x_wconf 90' lang='lat' dir='ltr'><strong>et</strong></span> <span class='ocrx_word' id='word_1_64' title='bbox 1003 711 1214 767; x_wconf 62' lang='lat' dir='ltr'><strong>quomodo</strong></span> <span class='ocrx_word' id='word_1_65' title='bbox 1247 710 1446 766; x_wconf 84' lang='lat' dir='ltr'><strong>agendum</strong></span> <span class='ocrx_word' id='word_1_66' title='bbox 1479 726 1578 754; x_wconf 89' lang='lat' dir='ltr'><strong>cum</strong></span> 
     </span>
     <span class='ocr_line' id='line_1_9' title="bbox 36 784 1576 845; baseline -0.003 -15"><span class='ocrx_word' id='word_1_67' title='bbox 36 788 171 839; x_wconf 83' lang='lat' dir='ltr'><strong>hoste,</strong></span> <span class='ocrx_word' id='word_1_68' title='bbox 200 788 290 845; x_wconf 87' lang='lat' dir='ltr'><strong>quis</strong></span> <span class='ocrx_word' id='word_1_69' title='bbox 309 787 530 844; x_wconf 87' lang='lat' dir='ltr'><strong>capiendus</strong></span> <span class='ocrx_word' id='word_1_70' title='bbox 550 800 698 842; x_wconf 83' lang='lat' dir='ltr'><strong>pugnae</strong></span> <span class='ocrx_word' id='word_1_71' title='bbox 729 784 863 835; x_wconf 88' lang='lat' dir='ltr'><strong>locus,</strong></span> <span class='ocrx_word' id='word_1_72' title='bbox 893 785 977 842; x_wconf 63' lang='lat' dir='ltr'><strong>qufi</strong></span> <span class='ocrx_word' id='word_1_73' title='bbox 1007 785 1143 827; x_wconf 61' lang='lat' dir='ltr'><strong>forma</strong></span> <span class='ocrx_word' id='word_1_74' title='bbox 1172 785 1423 840; x_wconf 87' lang='lat' dir='ltr'><strong>disponenda</strong></span> <span class='ocrx_word' id='word_1_75' title='bbox 1453 785 1576 843; x_wconf 56' lang='lat' dir='ltr'><strong>acies2</strong></span> 
     </span>
     <span class='ocr_line' id='line_1_10' title="bbox 37 857 1576 918; baseline -0.002 -14"><span class='ocrx_word' id='word_1_76' title='bbox 37 862 111 904; x_wconf 85' lang='lat' dir='ltr'><strong>ubi</strong></span> <span class='ocrx_word' id='word_1_77' title='bbox 137 861 333 918; x_wconf 83' lang='lat' dir='ltr'><strong>praesidiis</strong></span> <span class='ocrx_word' id='word_1_78' title='bbox 361 860 617 916; x_wconf 85' lang='lat' dir='ltr'><strong>opus‚—Ab</strong></span> <span class='ocrx_word' id='word_1_79' title='bbox 647 860 726 901; x_wconf 59' lang='lat' dir='ltr'><strong>hac</strong></span> <span class='ocrx_word' id='word_1_80' title='bbox 756 858 932 901; x_wconf 64' lang='lat' dir='ltr'><strong>multum</strong></span> <span class='ocrx_word' id='word_1_81' title='bbox 965 859 1102 902; x_wconf 85' lang='lat' dir='ltr'><strong>differt</strong></span> <span class='ocrx_word' id='word_1_82' title='bbox 1126 858 1223 902; x_wconf 83' lang='lat' dir='ltr'><strong>artis</strong></span> <span class='ocrx_word' id='word_1_83' title='bbox 1251 873 1375 908; x_wconf 63' lang='lat' dir='ltr'><strong>usam,-</strong></span> <span class='ocrx_word' id='word_1_84' title='bbox 1403 857 1437 900; x_wconf 87' lang='lat' dir='ltr'><strong>is</strong></span> <span class='ocrx_word' id='word_1_85' title='bbox 1465 858 1576 901; x_wconf 89' lang='lat' dir='ltr'><strong>enim</strong></span> 
     </span>
     <span class='ocr_line' id='line_1_11' title="bbox 37 932 1576 993; baseline -0.003 -14"><span class='ocrx_word' id='word_1_86' title='bbox 37 938 170 979; x_wconf 74' lang='lat' dir='ltr'><strong>caedes</strong></span> <span class='ocrx_word' id='word_1_87' title='bbox 188 945 250 979; x_wconf 80' lang='lat' dir='ltr'><strong>est</strong></span> <span class='ocrx_word' id='word_1_88' title='bbox 267 936 445 978; x_wconf 85' lang='lat' dir='ltr'><strong>hostium</strong></span> <span class='ocrx_word' id='word_1_89' title='bbox 464 944 506 978; x_wconf 90' lang='lat' dir='ltr'><strong>et</strong></span> <span class='ocrx_word' id='word_1_90' title='bbox 529 933 715 987; x_wconf 78' lang='lat' dir='ltr'><strong>victoria,</strong></span> <span class='ocrx_word' id='word_1_91' title='bbox 744 943 788 976; x_wconf 88' lang='lat' dir='ltr'><strong>et</strong></span> <span class='ocrx_word' id='word_1_92' title='bbox 819 949 1057 990; x_wconf 87' lang='lat' dir='ltr'><strong>magnarum</strong></span> <span class='ocrx_word' id='word_1_93' title='bbox 1091 933 1304 989; x_wconf 87' lang='lat' dir='ltr'><strong>regionum</strong></span> <span class='ocrx_word' id='word_1_94' title='bbox 1340 932 1576 993; x_wconf 84' lang='lat' dir='ltr'><strong>occupatio,</strong></span> 
     </span>
     <span class='ocr_line' id='line_1_12' title="bbox 37 1002 1557 1077; baseline -0.003 -23"><span class='ocrx_word' id='word_1_95' title='bbox 37 1021 80 1054; x_wconf 80' lang='lat' dir='ltr'><strong>et</strong></span> <span class='ocrx_word' id='word_1_96' title='bbox 98 1013 206 1054; x_wconf 78' lang='lat' dir='ltr'><strong>sama</strong></span> <span class='ocrx_word' id='word_1_97' title='bbox 223 1011 450 1068; x_wconf 81' lang='lat' dir='ltr'><strong>gloriaque.</strong></span> <span class='ocrx_word' id='word_1_98' title='bbox 507 1009 615 1052; x_wconf 89' lang='lat' dir='ltr'><strong>Vide</strong></span> <span class='ocrx_word' id='word_1_99' title='bbox 635 1009 744 1052; x_wconf 92' lang='lat' dir='ltr'><strong>Ann.</strong></span> <span class='ocrx_word' id='word_1_100' title='bbox 768 1023 825 1051; x_wconf 86' lang='lat'><strong>11.</strong></span> <span class='ocrx_word' id='word_1_101' title='bbox 854 1014 927 1051; x_wconf 76' lang='lat'><strong>21.</strong></span> <span class='ocrx_word' id='word_1_102' title='bbox 986 1008 1116 1052; x_wconf 89' lang='lat' dir='ltr'><strong>Misc.</strong></span> <span class='ocrx_word' id='word_1_103' title='bbox 1136 1009 1247 1077; x_wconf 63' lang='grc' dir='ltr'><strong>Οὓς.</strong></span> <span class='ocrx_word' id='word_1_104' title='bbox 1266 1022 1336 1050; x_wconf 79' lang='lat' dir='ltr'><strong>lx.</strong></span> <span class='ocrx_word' id='word_1_105' title='bbox 1358 1013 1459 1051; x_wconf 86' lang='lat'><strong>351.</strong></span> <span class='ocrx_word' id='word_1_106' title='bbox 1556 1002 1557 1006; x_wconf 35' lang='lat'>¹</span> 
     </span>
    </p>
   </div>
   <div class='ocr_carea' id='block_1_3' title="bbox 33 1154 1581 2924">
    <p class='ocr_par' dir='ltr' id='par_1_4' title="bbox 34 1154 1579 2322">
     <span class='ocr_line' id='line_1_13' title="bbox 92 1154 1576 1215; baseline -0.001 -14"><span class='ocrx_word' id='word_1_107' title='bbox 92 1157 167 1201; x_wconf 78' lang='lat' dir='ltr'><strong>CA</strong></span> <span class='ocrx_word' id='word_1_108' title='bbox 175 1172 217 1200; x_wconf 71' lang='grc' dir='ltr'><strong>Ρ.</strong></span> <span class='ocrx_word' id='word_1_109' title='bbox 236 1159 279 1202; x_wconf 87' lang='grc'><strong>6.</strong></span> <span class='ocrx_word' id='word_1_110' title='bbox 314 1158 448 1201; x_wconf 80' lang='lat' dir='ltr'><strong>Tanto</strong></span> <span class='ocrx_word' id='word_1_111' title='bbox 462 1158 597 1215; x_wconf 83' lang='lat' dir='ltr'><strong>major</strong></span> <span class='ocrx_word' id='word_1_112' title='bbox 615 1157 719 1200; x_wconf 80' lang='lat' dir='ltr'><strong>laus.</strong></span> <span class='ocrx_word' id='word_1_113' title='bbox 750 1156 871 1200; x_wconf 70' lang='lat' dir='ltr'><strong>Male</strong></span> <span class='ocrx_word' id='word_1_114' title='bbox 891 1157 1108 1199; x_wconf 82' lang='lat' dir='ltr'><strong>emendant</strong></span> <span class='ocrx_word' id='word_1_115' title='bbox 1129 1154 1313 1199; x_wconf 87' lang='lat' dir='ltr'><strong>Pichena</strong></span> <span class='ocrx_word' id='word_1_116' title='bbox 1329 1163 1372 1198; x_wconf 89' lang='lat' dir='ltr'><strong>et</strong></span> <span class='ocrx_word' id='word_1_117' title='bbox 1394 1155 1576 1212; x_wconf 80' lang='lat' dir='ltr'><strong>Lipsius,</strong></span> 
     </span>
     <span class='ocr_line' id='line_1_14' title="bbox 37 1229 1576 1290; baseline -0.002 -15"><span class='ocrx_word' id='word_1_118' title='bbox 37 1234 149 1290; x_wconf 90' lang='lat' dir='ltr'><strong>quod</strong></span> <span class='ocrx_word' id='word_1_119' title='bbox 164 1242 299 1275; x_wconf 78' lang='lat' dir='ltr'><strong>tamen</strong></span> <span class='ocrx_word' id='word_1_120' title='bbox 318 1232 520 1276; x_wconf 86' lang='lat' dir='ltr'><strong>nonnullis</strong></span> <span class='ocrx_word' id='word_1_121' title='bbox 539 1235 776 1288; x_wconf 84' lang='lat' dir='ltr'><strong>probatum,</strong></span> <span class='ocrx_word' id='word_1_122' title='bbox 805 1239 924 1274; x_wconf 75' lang='lat' dir='ltr'><strong>tanto</strong></span> <span class='ocrx_word' id='word_1_123' title='bbox 943 1231 1080 1272; x_wconf 81' lang='lat' dir='ltr'><strong>minor</strong></span> <span class='ocrx_word' id='word_1_124' title='bbox 1097 1230 1215 1280; x_wconf 82' lang='lat' dir='ltr'><strong>laus,·</strong></span> <span class='ocrx_word' id='word_1_125' title='bbox 1247 1229 1362 1286; x_wconf 83' lang='lat' dir='ltr'><strong>quasi</strong></span> <span class='ocrx_word' id='word_1_126' title='bbox 1381 1230 1423 1271; x_wconf 90' lang='lat' dir='ltr'><strong>iu</strong></span> <span class='ocrx_word' id='word_1_127' title='bbox 1443 1230 1576 1272; x_wconf 87' lang='lat' dir='ltr'><strong>virum</strong></span> 
     </span>
     <span class='ocr_line' id='line_1_15' title="bbox 37 1304 1575 1365; baseline -0.002 -14"><span class='ocrx_word' id='word_1_128' title='bbox 37 1309 244 1360; x_wconf 73' lang='lat' dir='ltr'><strong>caderent,</strong></span> <span class='ocrx_word' id='word_1_129' title='bbox 273 1323 365 1365; x_wconf 83' lang='lat' dir='ltr'><strong>quoe</strong></span> <span class='ocrx_word' id='word_1_130' title='bbox 385 1307 427 1349; x_wconf 87' lang='lat' dir='ltr'><strong>in</strong></span> <span class='ocrx_word' id='word_1_131' title='bbox 446 1307 582 1350; x_wconf 78' lang='lat' dir='ltr'><strong>uxoris</strong></span> <span class='ocrx_word' id='word_1_132' title='bbox 615 1306 778 1349; x_wconf 80' lang='lat' dir='ltr'><strong>laudem</strong></span> <span class='ocrx_word' id='word_1_133' title='bbox 810 1307 1016 1348; x_wconf 89' lang='lat' dir='ltr'><strong>evidenter</strong></span> <span class='ocrx_word' id='word_1_134' title='bbox 1034 1304 1144 1347; x_wconf 85' lang='lat' dir='ltr'><strong>dicta</strong></span> <span class='ocrx_word' id='word_1_135' title='bbox 1173 1313 1281 1346; x_wconf 85' lang='lat' dir='ltr'><strong>sunt.</strong></span> <span class='ocrx_word' id='word_1_136' title='bbox 1342 1304 1412 1346; x_wconf 90' lang='lat' dir='ltr'><strong>Sic</strong></span> <span class='ocrx_word' id='word_1_137' title='bbox 1445 1305 1575 1349; x_wconf 57' lang='lat' dir='ltr'><strong>ferme</strong></span> 
     </span>
     <span class='ocr_line' id='line_1_16' title="bbox 38 1377 1579 1436; baseline -0.003 -10"><span class='ocrx_word' id='word_1_138' title='bbox 38 1383 198 1426; x_wconf 84' lang='lat' dir='ltr'><strong>Seneca</strong></span> <span class='ocrx_word' id='word_1_139' title='bbox 215 1383 267 1425; x_wconf 89' lang='lat' dir='ltr'><strong>de</strong></span> <span class='ocrx_word' id='word_1_140' title='bbox 286 1397 415 1426; x_wconf 84' lang='lat' dir='ltr'><strong>uxore</strong></span> <span class='ocrx_word' id='word_1_141' title='bbox 440 1382 515 1424; x_wconf 65' lang='lat' dir='ltr'><strong>sust</strong></span> <span class='ocrx_word' id='word_1_142' title='bbox 536 1381 729 1424; x_wconf 68' lang='lat' dir='ltr'><strong>Paullinfi</strong></span> <span class='ocrx_word' id='word_1_143' title='bbox 747 1380 850 1423; x_wconf 84' lang='lat' dir='ltr'><strong>dixit</strong></span> <span class='ocrx_word' id='word_1_144' title='bbox 879 1395 1003 1436; x_wconf 81' lang='lat' dir='ltr'><strong>supra</strong></span> <span class='ocrx_word' id='word_1_145' title='bbox 1028 1377 1180 1421; x_wconf 86' lang='lat' dir='ltr'><strong>Annal.</strong></span> <span class='ocrx_word' id='word_1_146' title='bbox 1213 1394 1294 1420; x_wconf 72' lang='lat' dir='ltr'><strong>xv,</strong></span> <span class='ocrx_word' id='word_1_147' title='bbox 1323 1379 1396 1421; x_wconf 77' lang='lat'><strong>63.</strong></span> <span class='ocrx_word' id='word_1_148' title='bbox 1452 1383 1482 1403; x_wconf 87' lang='lat'><strong>“</strong></span> <span class='ocrx_word' id='word_1_149' title='bbox 1511 1378 1579 1422; x_wconf 87' lang='lat' dir='ltr'><strong>Sit</strong></span> 
     </span>
     <span class='ocr_line' id='line_1_17' title="bbox 36 1452 1576 1514; baseline -0.004 -14"><span class='ocrx_word' id='word_1_150' title='bbox 36 1457 158 1514; x_wconf 87' lang='lat' dir='ltr'><strong>hujus</strong></span> <span class='ocrx_word' id='word_1_151' title='bbox 187 1465 271 1499; x_wconf 88' lang='lat' dir='ltr'><strong>tam</strong></span> <span class='ocrx_word' id='word_1_152' title='bbox 305 1456 423 1500; x_wconf 88' lang='lat' dir='ltr'><strong>fortis</strong></span> <span class='ocrx_word' id='word_1_153' title='bbox 453 1456 587 1498; x_wconf 81' lang='lat' dir='ltr'><strong>exitfis</strong></span> <span class='ocrx_word' id='word_1_154' title='bbox 606 1455 833 1498; x_wconf 85' lang='lat' dir='ltr'><strong>constantia</strong></span> <span class='ocrx_word' id='word_1_155' title='bbox 852 1470 978 1511; x_wconf 82' lang='lat' dir='ltr'><strong>penes</strong></span> <span class='ocrx_word' id='word_1_156' title='bbox 996 1462 1192 1509; x_wconf 84' lang='lat' dir='ltr'><strong>utrosque</strong></span> <span class='ocrx_word' id='word_1_157' title='bbox 1211 1469 1297 1509; x_wconf 87' lang='lat' dir='ltr'><strong>par,</strong></span> <span class='ocrx_word' id='word_1_158' title='bbox 1327 1452 1576 1495; x_wconf 79' lang='lat' dir='ltr'><strong>claritudinis</strong></span> 
     </span>
     <span class='ocr_line' id='line_1_18' title="bbox 35 1527 1576 1589; baseline -0.003 -16"><span class='ocrx_word' id='word_1_159' title='bbox 35 1531 130 1589; x_wconf 85' lang='lat' dir='ltr'><strong>plus</strong></span> <span class='ocrx_word' id='word_1_160' title='bbox 148 1531 191 1573; x_wconf 89' lang='lat' dir='ltr'><strong>in</strong></span> <span class='ocrx_word' id='word_1_161' title='bbox 209 1540 282 1574; x_wconf 84' lang='lat' dir='ltr'><strong>tuo</strong></span> <span class='ocrx_word' id='word_1_162' title='bbox 301 1530 422 1574; x_wconf 49' lang='lat' dir='ltr'><strong>fineNl&#39;</strong></span> <span class='ocrx_word' id='word_1_163' title='bbox 481 1531 527 1574; x_wconf 86' lang='lat' dir='ltr'><strong>Si</strong></span> <span class='ocrx_word' id='word_1_164' title='bbox 559 1529 729 1573; x_wconf 85' lang='lat' dir='ltr'><strong>maritus</strong></span> <span class='ocrx_word' id='word_1_165' title='bbox 763 1529 910 1578; x_wconf 67' lang='lat' dir='ltr'><strong>blande</strong></span> <span class='ocrx_word' id='word_1_166' title='bbox 942 1529 1114 1571; x_wconf 78' lang='lat' dir='ltr'><strong>ux‘orem</strong></span> <span class='ocrx_word' id='word_1_167' title='bbox 1145 1530 1346 1580; x_wconf 80' lang='lat' dir='ltr'><strong>observet,</strong></span> <span class='ocrx_word' id='word_1_168' title='bbox 1375 1528 1410 1570; x_wconf 81' lang='lat' dir='ltr'><strong>si</strong></span> <span class='ocrx_word' id='word_1_169' title='bbox 1429 1527 1576 1570; x_wconf 86' lang='lat' dir='ltr'><strong>officiis</strong></span> 
     </span>
     <span class='ocr_line' id='line_1_19' title="bbox 34 1602 1576 1661; baseline -0.002 -13"><span class='ocrx_word' id='word_1_170' title='bbox 34 1621 130 1648; x_wconf 86' lang='lat' dir='ltr'><strong>eam</strong></span> <span class='ocrx_word' id='word_1_171' title='bbox 154 1607 317 1648; x_wconf 85' lang='lat' dir='ltr'><strong>studeat</strong></span> <span class='ocrx_word' id='word_1_172' title='bbox 346 1605 558 1658; x_wconf 83' lang='lat' dir='ltr'><strong>demereri,</strong></span> <span class='ocrx_word' id='word_1_173' title='bbox 587 1605 666 1647; x_wconf 68' lang='lat' dir='ltr'><strong>hoc</strong></span> <span class='ocrx_word' id='word_1_174' title='bbox 699 1604 741 1646; x_wconf 91' lang='lat' dir='ltr'><strong>in</strong></span> <span class='ocrx_word' id='word_1_175' title='bbox 771 1604 1043 1661; x_wconf 83' lang='lat' dir='ltr'><strong>qualicunque</strong></span> <span class='ocrx_word' id='word_1_176' title='bbox 1075 1602 1394 1658; x_wconf 21' lang='lat' dir='ltr'><strong>uxorellaudem</strong></span> <span class='ocrx_word' id='word_1_177' title='bbox 1424 1603 1576 1656; x_wconf 84' lang='lat' dir='ltr'><strong>habet3</strong></span> 
     </span>
     <span class='ocr_line' id='line_1_20' title="bbox 35 1676 1577 1738; baseline -0.003 -14"><span class='ocrx_word' id='word_1_178' title='bbox 35 1680 151 1738; x_wconf 80' lang='lat' dir='ltr'><strong>(quia</strong></span> <span class='ocrx_word' id='word_1_179' title='bbox 170 1680 211 1723; x_wconf 87' lang='lat' dir='ltr'><strong>id</strong></span> <span class='ocrx_word' id='word_1_180' title='bbox 225 1679 405 1722; x_wconf 80' lang='lat' dir='ltr'><strong>declarat</strong></span> <span class='ocrx_word' id='word_1_181' title='bbox 422 1678 556 1721; x_wconf 82' lang='lat' dir='ltr'><strong>mariti</strong></span> <span class='ocrx_word' id='word_1_182' title='bbox 575 1679 785 1730; x_wconf 84' lang='lat' dir='ltr'><strong>affectum,</strong></span> <span class='ocrx_word' id='word_1_183' title='bbox 816 1693 955 1734; x_wconf 90' lang='lat' dir='ltr'><strong>quem,</strong></span> <span class='ocrx_word' id='word_1_184' title='bbox 984 1676 1180 1733; x_wconf 88' lang='lat' dir='ltr'><strong>quicquid</strong></span> <span class='ocrx_word' id='word_1_185' title='bbox 1200 1677 1361 1718; x_wconf 83' lang='lat' dir='ltr'><strong>tandem</strong></span> <span class='ocrx_word' id='word_1_186' title='bbox 1383 1676 1449 1729; x_wconf 87' lang='lat' dir='ltr'><strong>sit,</strong></span> <span class='ocrx_word' id='word_1_187' title='bbox 1477 1692 1577 1733; x_wconf 87' lang='lat' dir='ltr'><strong>pro-</strong></span> 
     </span>
     <span class='ocr_line' id='line_1_21' title="bbox 37 1750 1574 1808; baseline -0.005 -9"><span class='ocrx_word' id='word_1_188' title='bbox 37 1757 188 1800; x_wconf 83' lang='lat' dir='ltr'><strong>ducere</strong></span> <span class='ocrx_word' id='word_1_189' title='bbox 220 1754 263 1796; x_wconf 80' lang='lat' dir='ltr'><strong>in</strong></span> <span class='ocrx_word' id='word_1_190' title='bbox 295 1753 444 1796; x_wconf 85' lang='lat' dir='ltr'><strong>marito</strong></span> <span class='ocrx_word' id='word_1_191' title='bbox 468 1767 632 1795; x_wconf 81' lang='lat' dir='ltr'><strong>neeesse</strong></span> <span class='ocrx_word' id='word_1_192' title='bbox 661 1760 737 1804; x_wconf 90' lang='lat' dir='ltr'><strong>est,</strong></span> <span class='ocrx_word' id='word_1_193' title='bbox 767 1751 850 1794; x_wconf 89' lang='lat' dir='ltr'><strong>sive</strong></span> <span class='ocrx_word' id='word_1_194' title='bbox 869 1767 986 1808; x_wconf 86' lang='lat' dir='ltr'><strong>opes,</strong></span> <span class='ocrx_word' id='word_1_195' title='bbox 1016 1751 1100 1793; x_wconf 85' lang='lat' dir='ltr'><strong>sive</strong></span> <span class='ocrx_word' id='word_1_196' title='bbox 1126 1751 1316 1803; x_wconf 84' lang='lat' dir='ltr'><strong>formam,</strong></span> <span class='ocrx_word' id='word_1_197' title='bbox 1345 1750 1429 1792; x_wconf 88' lang='lat' dir='ltr'><strong>sive</strong></span> <span class='ocrx_word' id='word_1_198' title='bbox 1449 1750 1574 1804; x_wconf 86' lang='lat' dir='ltr'><strong>aliud,</strong></span> 
     </span>
     <span class='ocr_line' id='line_1_22' title="bbox 35 1825 1579 1887; baseline -0.004 -15"><span class='ocrx_word' id='word_1_199' title='bbox 35 1831 208 1887; x_wconf 70' lang='lat' dir='ltr'><strong>—quod</strong></span> <span class='ocrx_word' id='word_1_200' title='bbox 222 1828 339 1871; x_wconf 85' lang='lat' dir='ltr'><strong>uxori</strong></span> <span class='ocrx_word' id='word_1_201' title='bbox 354 1828 464 1871; x_wconf 88' lang='lat' dir='ltr'><strong>cedit</strong></span> <span class='ocrx_word' id='word_1_202' title='bbox 483 1827 525 1870; x_wconf 91' lang='lat' dir='ltr'><strong>in</strong></span> <span class='ocrx_word' id='word_1_203' title='bbox 543 1827 746 1881; x_wconf 80' lang='lat' dir='ltr'><strong>laudem);</strong></span> <span class='ocrx_word' id='word_1_204' title='bbox 769 1834 811 1868; x_wconf 86' lang='lat' dir='ltr'><strong>at</strong></span> <span class='ocrx_word' id='word_1_205' title='bbox 830 1825 899 1868; x_wconf 82' lang='lat' dir='ltr'><strong>illa</strong></span> <span class='ocrx_word' id='word_1_206' title='bbox 916 1825 1005 1867; x_wconf 82' lang='lat' dir='ltr'><strong>laus</strong></span> <span class='ocrx_word' id='word_1_207' title='bbox 1023 1825 1071 1868; x_wconf 89' lang='lat' dir='ltr'><strong>fit</strong></span> <span class='ocrx_word' id='word_1_208' title='bbox 1089 1825 1221 1881; x_wconf 87' lang='lat' dir='ltr'><strong>major</strong></span> <span class='ocrx_word' id='word_1_209' title='bbox 1238 1825 1279 1867; x_wconf 92' lang='lat' dir='ltr'><strong>in</strong></span> <span class='ocrx_word' id='word_1_210' title='bbox 1297 1840 1424 1866; x_wconf 83' lang='lat' dir='ltr'><strong>uxore</strong></span> <span class='ocrx_word' id='word_1_211' title='bbox 1444 1825 1579 1877; x_wconf 66' lang='lat' dir='ltr'><strong>bou53</strong></span> 
     </span>
     <span class='ocr_line' id='line_1_23' title="bbox 35 1898 1575 1962; baseline -0.004 -15"><span class='ocrx_word' id='word_1_212' title='bbox 35 1904 134 1962; x_wconf 83' lang='lat' dir='ltr'><strong>quia</strong></span> <span class='ocrx_word' id='word_1_213' title='bbox 164 1903 235 1946; x_wconf 90' lang='lat' dir='ltr'><strong>illa</strong></span> <span class='ocrx_word' id='word_1_214' title='bbox 266 1917 348 1945; x_wconf 86' lang='lat' dir='ltr'><strong>non</strong></span> <span class='ocrx_word' id='word_1_215' title='bbox 381 1902 508 1944; x_wconf 71' lang='lat' dir='ltr'><strong>modo</strong></span> <span class='ocrx_word' id='word_1_216' title='bbox 537 1910 696 1942; x_wconf 84' lang='lat' dir='ltr'><strong>amatur</strong></span> <span class='ocrx_word' id='word_1_217' title='bbox 730 1909 775 1942; x_wconf 93' lang='lat' dir='ltr'><strong>ut</strong></span> <span class='ocrx_word' id='word_1_218' title='bbox 803 1914 923 1951; x_wconf 84' lang='lat' dir='ltr'><strong>uxor,</strong></span> <span class='ocrx_word' id='word_1_219' title='bbox 951 1900 1023 1942; x_wconf 87' lang='lat' dir='ltr'><strong>sed</strong></span> <span class='ocrx_word' id='word_1_220' title='bbox 1052 1907 1095 1941; x_wconf 88' lang='lat' dir='ltr'><strong>et</strong></span> <span class='ocrx_word' id='word_1_221' title='bbox 1121 1898 1269 1940; x_wconf 86' lang='lat' dir='ltr'><strong>colitur</strong></span> <span class='ocrx_word' id='word_1_222' title='bbox 1287 1907 1333 1940; x_wconf 90' lang='lat' dir='ltr'><strong>ut</strong></span> <span class='ocrx_word' id='word_1_223' title='bbox 1357 1899 1575 1941; x_wconf 77' lang='lat' dir='ltr'><strong>virtutibus</strong></span> 
     </span>
     <span class='ocr_line' id='line_1_24' title="bbox 35 1973 1574 2029; baseline -0.005 -8"><span class='ocrx_word' id='word_1_224' title='bbox 35 1978 195 2022; x_wconf 86' lang='lat' dir='ltr'><strong>eximiis</strong></span> <span class='ocrx_word' id='word_1_225' title='bbox 213 1986 367 2020; x_wconf 82' lang='lat' dir='ltr'><strong>ornata.</strong></span> <span class='ocrx_word' id='word_1_226' title='bbox 413 1977 543 2024; x_wconf 64' lang='lat' dir='ltr'><strong>Quod</strong></span> <span class='ocrx_word' id='word_1_227' title='bbox 562 1975 594 2018; x_wconf 87' lang='lat' dir='ltr'><strong>si</strong></span> <span class='ocrx_word' id='word_1_228' title='bbox 614 1975 783 2017; x_wconf 80' lang='lat' dir='ltr'><strong>maritus</strong></span> <span class='ocrx_word' id='word_1_229' title='bbox 802 1989 974 2017; x_wconf 86' lang='lat' dir='ltr'><strong>uxorem</strong></span> <span class='ocrx_word' id='word_1_230' title='bbox 994 1973 1071 2016; x_wconf 85' lang='lat' dir='ltr'><strong>sibi</strong></span> <span class='ocrx_word' id='word_1_231' title='bbox 1097 1973 1321 2029; x_wconf 84' lang='lat' dir='ltr'><strong>anteponit,</strong></span> <span class='ocrx_word' id='word_1_232' title='bbox 1341 1989 1432 2029; x_wconf 86' lang='lat' dir='ltr'><strong>quae</strong></span> <span class='ocrx_word' id='word_1_233' title='bbox 1452 1973 1574 2026; x_wconf 82' lang='lat' dir='ltr'><strong>mala,</strong></span> 
     </span>
     <span class='ocr_line' id='line_1_25' title="bbox 36 2046 1579 2104; baseline -0.003 -9"><span class='ocrx_word' id='word_1_234' title='bbox 36 2052 139 2096; x_wconf 87' lang='lat' dir='ltr'><strong>illud</strong></span> <span class='ocrx_word' id='word_1_235' title='bbox 158 2052 261 2094; x_wconf 60' lang='lat' dir='ltr'><strong>ade«)</strong></span> <span class='ocrx_word' id='word_1_236' title='bbox 281 2050 401 2093; x_wconf 83' lang='lat' dir='ltr'><strong>uxori</strong></span> <span class='ocrx_word' id='word_1_237' title='bbox 420 2065 502 2092; x_wconf 89' lang='lat' dir='ltr'><strong>non</strong></span> <span class='ocrx_word' id='word_1_238' title='bbox 518 2058 581 2092; x_wconf 92' lang='lat' dir='ltr'><strong>est</strong></span> <span class='ocrx_word' id='word_1_239' title='bbox 600 2049 703 2100; x_wconf 87' lang='lat' dir='ltr'><strong>laus,</strong></span> <span class='ocrx_word' id='word_1_240' title='bbox 723 2057 770 2091; x_wconf 88' lang='lat' dir='ltr'><strong>ut</strong></span> <span class='ocrx_word' id='word_1_241' title='bbox 787 2048 880 2090; x_wconf 88' lang='lat' dir='ltr'><strong>ideo</strong></span> <span class='ocrx_word' id='word_1_242' title='bbox 900 2048 1102 2104; x_wconf 88' lang='lat' dir='ltr'><strong>culpetur.</strong></span> <span class='ocrx_word' id='word_1_243' title='bbox 1163 2047 1371 2094; x_wconf 85' lang='lat' dir='ltr'><strong>Quoniam</strong></span> <span class='ocrx_word' id='word_1_244' title='bbox 1389 2046 1459 2088; x_wconf 82' lang='lat' dir='ltr'><strong>illa</strong></span> <span class='ocrx_word' id='word_1_245' title='bbox 1477 2046 1579 2090; x_wconf 66' lang='lat' dir='ltr'><strong>licet</strong></span> 
     </span>
     <span class='ocr_line' id='line_1_26' title="bbox 37 2121 1576 2178; baseline -0.005 -8"><span class='ocrx_word' id='word_1_246' title='bbox 37 2127 134 2170; x_wconf 68' lang='lat' dir='ltr'><strong>cum</strong></span> <span class='ocrx_word' id='word_1_247' title='bbox 153 2126 296 2169; x_wconf 55' lang='lat' dir='ltr'><strong>natur&amp;</strong></span> <span class='ocrx_word' id='word_1_248' title='bbox 315 2133 403 2167; x_wconf 88' lang='lat' dir='ltr'><strong>tum</strong></span> <span class='ocrx_word' id='word_1_249' title='bbox 434 2123 539 2166; x_wconf 88' lang='lat' dir='ltr'><strong>vitiis</strong></span> <span class='ocrx_word' id='word_1_250' title='bbox 558 2123 706 2166; x_wconf 87' lang='lat' dir='ltr'><strong>marito</strong></span> <span class='ocrx_word' id='word_1_251' title='bbox 725 2122 847 2178; x_wconf 67' lang='lat' dir='ltr'><strong>longe</strong></span> <span class='ocrx_word' id='word_1_252' title='bbox 866 2123 918 2165; x_wconf 73' lang='lat' dir='ltr'><strong>sit</strong></span> <span class='ocrx_word' id='word_1_253' title='bbox 933 2122 1110 2174; x_wconf 86' lang='lat' dir='ltr'><strong>inferior,</strong></span> <span class='ocrx_word' id='word_1_254' title='bbox 1140 2121 1274 2177; x_wconf 88' lang='lat' dir='ltr'><strong>ipsum</strong></span> <span class='ocrx_word' id='word_1_255' title='bbox 1295 2130 1431 2163; x_wconf 86' lang='lat' dir='ltr'><strong>tamen</strong></span> <span class='ocrx_word' id='word_1_256' title='bbox 1450 2121 1576 2176; x_wconf 81' lang='lat' dir='ltr'><strong>adigit</strong></span> 
     </span>
     <span class='ocr_line' id='line_1_27' title="bbox 37 2194 1576 2254; baseline -0.005 -10"><span class='ocrx_word' id='word_1_257' title='bbox 37 2201 90 2244; x_wconf 83' lang='lat' dir='ltr'><strong>ad</strong></span> <span class='ocrx_word' id='word_1_258' title='bbox 113 2201 175 2243; x_wconf 84' lang='lat' dir='ltr'><strong>sui</strong></span> <span class='ocrx_word' id='word_1_259' title='bbox 205 2199 377 2252; x_wconf 89' lang='lat' dir='ltr'><strong>cultum,</strong></span> <span class='ocrx_word' id='word_1_260' title='bbox 406 2198 765 2254; x_wconf 84' lang='lat' dir='ltr'><strong>turpissimamque</strong></span> <span class='ocrx_word' id='word_1_261' title='bbox 798 2197 859 2239; x_wconf 85' lang='lat' dir='ltr'><strong>illi</strong></span> <span class='ocrx_word' id='word_1_262' title='bbox 894 2207 1036 2240; x_wconf 89' lang='lat' dir='ltr'><strong>notam</strong></span> <span class='ocrx_word' id='word_1_263' title='bbox 1068 2195 1222 2238; x_wconf 85' lang='lat' dir='ltr'><strong>servitii</strong></span> <span class='ocrx_word' id='word_1_264' title='bbox 1249 2194 1386 2237; x_wconf 87' lang='lat' dir='ltr'><strong>inurit.</strong></span> <span class='ocrx_word' id='word_1_265' title='bbox 1445 2194 1576 2237; x_wconf 86' lang='lat' dir='ltr'><strong>Misc.</strong></span> 
     </span>
     <span class='ocr_line' id='line_1_28' title="bbox 37 2276 371 2322; baseline -0.003 -5"><span class='ocrx_word' id='word_1_266' title='bbox 37 2276 145 2322; x_wconf 78' lang='lat' dir='ltr'><strong>Obs&#39;.</strong></span> <span class='ocrx_word' id='word_1_267' title='bbox 169 2289 240 2317; x_wconf 77' lang='grc' dir='ltr'><strong>ιΧ.</strong></span> <span class='ocrx_word' id='word_1_268' title='bbox 271 2280 371 2317; x_wconf 80' lang='lat'><strong>852.</strong></span> 
     </span>
    </p>

    <p class='ocr_par' dir='ltr' id='par_1_5' title="bbox 36 2342 1581 2483">
     <span class='ocr_line' id='line_1_29' title="bbox 96 2342 1581 2401; baseline -0.005 -10"><span class='ocrx_word' id='word_1_269' title='bbox 96 2348 235 2392; x_wconf 81' lang='lat' dir='ltr'><strong>Simul</strong></span> <span class='ocrx_word' id='word_1_270' title='bbox 250 2355 290 2391; x_wconf 80' lang='lat' dir='ltr'><strong>et</strong></span> <span class='ocrx_word' id='word_1_271' title='bbox 308 2347 514 2390; x_wconf 83' lang='lat' dir='ltr'><strong>solatium.</strong></span> <span class='ocrx_word' id='word_1_272' title='bbox 545 2346 616 2389; x_wconf 90' lang='lat' dir='ltr'><strong>Sic</strong></span> <span class='ocrx_word' id='word_1_273' title='bbox 638 2346 742 2390; x_wconf 88' lang='lat' dir='ltr'><strong>MS.</strong></span> <span class='ocrx_word' id='word_1_274' title='bbox 760 2346 896 2389; x_wconf 87' lang='lat' dir='ltr'><strong>Vatic.</strong></span> <span class='ocrx_word' id='word_1_275' title='bbox 916 2350 1044 2393; x_wconf 73' lang='lat'><strong>3429.</strong></span> <span class='ocrx_word' id='word_1_276' title='bbox 1066 2353 1107 2386; x_wconf 89' lang='lat' dir='ltr'><strong>et</strong></span> <span class='ocrx_word' id='word_1_277' title='bbox 1126 2342 1264 2401; x_wconf 88' lang='lat' dir='ltr'><strong>placet</strong></span> <span class='ocrx_word' id='word_1_278' title='bbox 1281 2342 1427 2398; x_wconf 80' lang='lat' dir='ltr'><strong>magis,</strong></span> <span class='ocrx_word' id='word_1_279' title='bbox 1448 2343 1581 2400; x_wconf 17' lang='lat' dir='ltr'><strong>quam.</strong></span> 
     </span>
     <span class='ocr_line' id='line_1_30' title="bbox 36 2419 927 2483; baseline -0.004 -17"><span class='ocrx_word' id='word_1_280' title='bbox 36 2425 150 2483; x_wconf 86' lang='lat' dir='ltr'><strong>quod</strong></span> <span class='ocrx_word' id='word_1_281' title='bbox 169 2423 210 2465; x_wconf 90' lang='lat' dir='ltr'><strong>in</strong></span> <span class='ocrx_word' id='word_1_282' title='bbox 227 2421 343 2464; x_wconf 82' lang='lat' dir='ltr'><strong>libris</strong></span> <span class='ocrx_word' id='word_1_283' title='bbox 361 2422 493 2474; x_wconf 83' lang='lat' dir='ltr'><strong>editis,</strong></span> <span class='ocrx_word' id='word_1_284' title='bbox 522 2429 562 2464; x_wconf 85' lang='lat' dir='ltr'><strong>et</strong></span> <span class='ocrx_word' id='word_1_285' title='bbox 580 2421 775 2464; x_wconf 81' lang='lat' dir='ltr'><strong>solatium</strong></span> <span class='ocrx_word' id='word_1_286' title='bbox 793 2419 927 2463; x_wconf 77' lang='lat' dir='ltr'><strong>simul.</strong></span> 
     </span>
    </p>

    <p class='ocr_par' dir='ltr' id='par_1_6' title="bbox 34 2490 1576 2777">
     <span class='ocr_line' id='line_1_31' title="bbox 99 2490 1573 2546; baseline -0.007 -3"><span class='ocrx_word' id='word_1_287' title='bbox 99 2497 250 2543; x_wconf 77' lang='lat' dir='ltr'><strong>Quiete</strong></span> <span class='ocrx_word' id='word_1_288' title='bbox 281 2505 319 2540; x_wconf 83' lang='lat' dir='ltr'><strong>et</strong></span> <span class='ocrx_word' id='word_1_289' title='bbox 346 2497 428 2542; x_wconf 80' lang='lat' dir='ltr'><strong>otio</strong></span> <span class='ocrx_word' id='word_1_290' title='bbox 462 2496 627 2538; x_wconf 78' lang='lat' dir='ltr'><strong>transit.</strong></span> <span class='ocrx_word' id='word_1_291' title='bbox 686 2495 839 2537; x_wconf 86' lang='lat' dir='ltr'><strong>Mallet</strong></span> <span class='ocrx_word' id='word_1_292' title='bbox 869 2495 1103 2546; x_wconf 82' lang='lat' dir='ltr'><strong>Rhenanus,</strong></span> <span class='ocrx_word' id='word_1_293' title='bbox 1145 2491 1329 2535; x_wconf 74' lang='lat' dir='ltr'><strong>transiit.</strong></span> <span class='ocrx_word' id='word_1_294' title='bbox 1386 2491 1438 2533; x_wconf 89' lang='lat' dir='ltr'><strong>ln</strong></span> <span class='ocrx_word' id='word_1_295' title='bbox 1470 2490 1573 2533; x_wconf 86' lang='lat' dir='ltr'><strong>MS.</strong></span> 
     </span>
     <span class='ocr_line' id='line_1_32' title="bbox 37 2565 1575 2628; baseline -0.007 -12"><span class='ocrx_word' id='word_1_296' title='bbox 37 2573 174 2616; x_wconf 88' lang='lat' dir='ltr'><strong>Vatic.</strong></span> <span class='ocrx_word' id='word_1_297' title='bbox 203 2577 333 2620; x_wconf 82' lang='lat'><strong>4498.</strong></span> <span class='ocrx_word' id='word_1_298' title='bbox 363 2570 509 2628; x_wconf 78' lang='lat' dir='ltr'><strong>quietis</strong></span> <span class='ocrx_word' id='word_1_299' title='bbox 529 2577 566 2612; x_wconf 83' lang='lat' dir='ltr'><strong>et</strong></span> <span class='ocrx_word' id='word_1_300' title='bbox 587 2570 682 2612; x_wconf 82' lang='lat' dir='ltr'><strong>otio.</strong></span> <span class='ocrx_word' id='word_1_301' title='bbox 743 2571 918 2612; x_wconf 86' lang='lat' dir='ltr'><strong>Senatus</strong></span> <span class='ocrx_word' id='word_1_302' title='bbox 948 2567 1157 2624; x_wconf 86' lang='lat' dir='ltr'><strong>perhibuit</strong></span> <span class='ocrx_word' id='word_1_303' title='bbox 1179 2565 1335 2617; x_wconf 90' lang='lat' dir='ltr'><strong>Plinio,</strong></span> <span class='ocrx_word' id='word_1_304' title='bbox 1366 2566 1410 2608; x_wconf 81' lang='lat' dir='ltr'><strong>in</strong></span> <span class='ocrx_word' id='word_1_305' title='bbox 1443 2566 1575 2607; x_wconf 79' lang='lat' dir='ltr'><strong>tribu-</strong></span> 
     </span>
     <span class='ocr_line' id='line_1_33' title="bbox 34 2639 1576 2704; baseline -0.007 -13"><span class='ocrx_word' id='word_1_306' title='bbox 34 2654 143 2692; x_wconf 80' lang='lat' dir='ltr'><strong>natu</strong></span> <span class='ocrx_word' id='word_1_307' title='bbox 161 2645 321 2704; x_wconf 80' lang='lat' dir='ltr'><strong>qnietis,</strong></span> <span class='ocrx_word' id='word_1_308' title='bbox 340 2645 386 2686; x_wconf 83' lang='lat' dir='ltr'><strong>in</strong></span> <span class='ocrx_word' id='word_1_309' title='bbox 399 2642 587 2701; x_wconf 68' lang='lat' dir='ltr'><strong>praeturd</strong></span> <span class='ocrx_word' id='word_1_310' title='bbox 604 2643 806 2686; x_wconf 75' lang='lat' dir='ltr'><strong>modestice</strong></span> <span class='ocrx_word' id='word_1_311' title='bbox 824 2642 1110 2685; x_wconf 78' lang='lat' dir='ltr'><strong>testimonium.</strong></span> <span class='ocrx_word' id='word_1_312' title='bbox 1142 2640 1252 2682; x_wconf 85' lang='lat' dir='ltr'><strong>Plin.</strong></span> <span class='ocrx_word' id='word_1_313' title='bbox 1273 2641 1315 2682; x_wconf 86' lang='lat' dir='ltr'><strong>in</strong></span> <span class='ocrx_word' id='word_1_314' title='bbox 1337 2639 1576 2696; x_wconf 72' lang='lat' dir='ltr'><strong>Panegyric.</strong></span> 
     </span>
     <span class='ocr_line' id='line_1_34' title="bbox 36 2698 919 2777; baseline -0.007 -12"><span class='ocrx_word' id='word_1_315' title='bbox 36 2735 130 2777; x_wconf 80' lang='lat' dir='ltr'><strong>cap.</strong></span> <span class='ocrx_word' id='word_1_316' title='bbox 147 2726 219 2769; x_wconf 84' lang='lat'><strong>95.</strong></span> <span class='ocrx_word' id='word_1_317' title='bbox 771 2752 789 2763; x_wconf 41' lang='lat' dir='ltr'><em>r</em></span> <span class='ocrx_word' id='word_1_318' title='bbox 916 2698 919 2712; x_wconf 78' lang='lat'>&#39;</span> 
     </span>
    </p>

    <p class='ocr_par' dir='ltr' id='par_1_7' title="bbox 33 2786 1581 2924">
     <span class='ocr_line' id='line_1_35' title="bbox 98 2786 1579 2849; baseline -0.005 -13"><span class='ocrx_word' id='word_1_319' title='bbox 98 2793 232 2837; x_wconf 85' lang='lat' dir='ltr'><strong>Modo</strong></span> <span class='ocrx_word' id='word_1_320' title='bbox 269 2792 445 2836; x_wconf 80' lang='lat' dir='ltr'><strong>rationis</strong></span> <span class='ocrx_word' id='word_1_321' title='bbox 477 2798 601 2849; x_wconf 81' lang='lat' dir='ltr'><strong>atque</strong></span> <span class='ocrx_word' id='word_1_322' title='bbox 643 2789 923 2833; x_wconf 71' lang='lat' dir='ltr'><strong>abundanciae.</strong></span> <span class='ocrx_word' id='word_1_323' title='bbox 1001 2788 1170 2832; x_wconf 78' lang='lat' dir='ltr'><strong>Frustia</strong></span> <span class='ocrx_word' id='word_1_324' title='bbox 1217 2796 1348 2830; x_wconf 87' lang='lat' dir='ltr'><strong>tentat</strong></span> <span class='ocrx_word' id='word_1_325' title='bbox 1395 2786 1579 2844; x_wconf 85' lang='lat' dir='ltr'><strong>Lipsius,</strong></span> 
     </span>
     <span class='ocr_line' id='line_1_36' title="bbox 33 2861 1581 2924; baseline -0.006 -12"><span class='ocrx_word' id='word_1_326' title='bbox 33 2867 332 2921; x_wconf 68' lang='lat' dir='ltr'><strong>moderationis</strong></span> <span class='ocrx_word' id='word_1_327' title='bbox 374 2879 454 2911; x_wconf 80' lang='lat' dir='ltr'><strong>suae</strong></span> <span class='ocrx_word' id='word_1_328' title='bbox 482 2872 609 2924; x_wconf 82' lang='lat' dir='ltr'><strong>atque</strong></span> <span class='ocrx_word' id='word_1_329' title='bbox 647 2864 941 2916; x_wconf 58' lang='lat' dir='ltr'><strong>dandamim</strong></span> <span class='ocrx_word' id='word_1_330' title='bbox 987 2862 1054 2907; x_wconf 77' lang='lat' dir='ltr'><strong>vel</strong></span> <span class='ocrx_word' id='word_1_331' title='bbox 1093 2861 1368 2907; x_wconf 80' lang='lat' dir='ltr'><strong>moderationi</strong></span> <span class='ocrx_word' id='word_1_332' title='bbox 1404 2861 1581 2919; x_wconf 79' lang='lat' dir='ltr'><strong>satisque</strong></span> 
     </span>
    </p>
   </div>
  </div>
 </body>
</html>
