1768 3236
860 23 883 42 N

365 177 446 217 AD
472 177 653 217 VITAM
683 177 772 216 CN.
798 176 909 216 JUL.
938 177 1248 218 AGRICOLAE.
1498 175 1573 218 611

107 278 307 323 Connexi.
365 278 468 323 MS.
490 278 625 322 Vatic.
643 285 772 343 3429.
792 278 972 322 convexi.

108 352 358 396 Covinarius
386 361 426 396 et
444 369 572 411 eques.
633 353 800 410 Copula
833 341 873 396 et
899 355 1015 396 abest
1034 352 1060 395 a
1087 353 1191 396 MS.
1210 352 1345 396 Vatic.
1361 358 1508 402 „3429
1527 361 1570 395 et

43 427 295 472 editionibus
313 427 530 470 veteribus.

105 499 324 544 Promtior
341 501 386 544 in
399 496 524 558 spem.
585 501 784 558 Ernestus
803 500 957 555 mallet,
976 501 1153 557 pronior
1172 500 1217 543 in
1235 515 1355 557 spem.

104 645 226 689 CAP.
246 647 316 690 36.
349 646 486 690 Simul
514 646 757 691 constantili.
815 647 920 691 MS.
938 646 1071 691 Vatic.
1093 651 1220 694 3429.
1252 645 1449 704 simulque
1478 661 1572 690 con·

47 719 218 766 slantiti.
537 711 539 713 ¹

51 833 55 840 ,
108 794 206 839 Tres
230 793 488 837 Batavorum
514 793 705 837 cohortes.
764 794 879 838 Bene
913 795 1016 837 MS.
1034 794 1172 838 Vatic.
1208 800 1336 842 3429.
1367 802 1408 837 et
1433 810 1572 837 reeen-

45 868 170 912 tiores
189 868 399 912 editiones.
458 868 508 910 In
526 868 743 922 veteribus,
769 884 846 925 per
867 868 1126 912 Batavorum
1147 868 1342 912 cohortes.
1514 915 1518 918 ,

105 942 164 985 In
181 949 294 985 arcto
308 958 526 1006 pugnam..
570 943 687 985 Libri
704 958 845 985 omnes
864 943 976 995 editi,
1007 944 1079 985 sed
1096 942 1219 993 male,
1250 942 1293 984 in
1310 950 1450 999 aperto
1462 959 1571 1001 pug-

46 1032 158 1061 nam.
219 1017 385 1073 Lipsius
414 1018 606 1069 tentabat,
638 1017 684 1059 in
710 1024 877 1073 opertos,
906 1016 971 1059 vel
1003 1017 1048 1058 in
1079 1023 1246 1073 operta:
1288 1015 1485 1069 Sch‘elius,
1520 1018 1575 1074 vin

45 1098 218 1148 aperta:
250 1089 316 1133 Cl.
341 1091 391 1133 de
420 1090 460 1133 la
488 1089 680 1143 Bleterie‚
708 1091 899 1148 inoperti.
958 1090 1136 1133 Felicior
1167 1090 1311 1132 ceteris
1334 1090 1572 1133 Franciscus

48 1164 246 1217 Medicis,
275 1165 335 1207 vir
353 1164 536 1220 egregius
555 1173 596 1207 et
621 1164 663 1207 in
680 1164 818 1213 multis
838 1164 1055 1206 deTacito
1076 1165 1178 1206 bene
1209 1163 1386 1215 meritus,
1417 1163 1572 1219 optime

47 1236 305 1291 emendabat,
347 1239 392 1280 in
418 1246 546 1289 arcto,
586 1238 655 1281 cui
697 1238 903 1281 Pichenus
934 1237 1154 1280 subscribit
1191 1246 1233 1280 et
1276 1237 1494 1288 Gruterus,
1528 1246 1574 1280 ut

46 1313 230 1371 postulat
255 1313 344 1370 ipsa
376 1312 568 1355 orationis
588 1312 720 1355 series.
781 1312 851 1354 Sic
885 1327 1050 1369 quoque
1085 1313 1135 1352 de
1169 1310 1381 1365 Hispanis,
1417 1310 1574 1363 Livius,

48 1397 235 1431 xxvul.
266 1392 336 1430 33.
380 1391 407 1411 “
425 1386 466 1429 in
496 1395 608 1429 arcto
642 1402 781 1443 pugna
809 1386 1001 1439 Romano
1030 1384 1178 1440 aptior,
1221 1383 1345 1441 quam
1380 1385 1574 1441 Hispano

46 1460 168 1505 militi
197 1462 332 1504 futura
362 1460 613 1504 videbatur.”
673 1460 775 1503 Duo
804 1459 845 1502 in
878 1459 1081 1503 Britannis
1114 1458 1372 1515 reprehendit
1389 1458 1574 1511 Tacitus,

46 1543 91 1579 et
110 1534 223 1591 quod
243 1535 359 1578 ferire
373 1535 532 1578 hostem
548 1550 629 1577 non
648 1542 828 1590 possent,
847 1542 889 1576 et
904 1533 1014 1591 quod
1025 1549 1104 1575 non
1121 1541 1287 1589 possent
1306 1547 1392 1575 sese
1409 1541 1544 1588 tegere
1561 1550 1573 1587 ς

47 1611 155 1652 unde
175 1609 311 1652 statim
329 1609 472 1666 liquet,
485 1624 671 1666 pugnam
688 1609 732 1650 in
750 1616 906 1666 apertO‚
936 1607 1129 1650 Tacitum
1150 1622 1310 1659 vocare,
1340 1606 1382 1648 in
1399 1621 1575 1662 corpora

48 1683 336 1728 Britannorum
355 1699 438 1726 non
454 1691 560 1725 tecta
575 1690 744 1738 propter
764 1697 887 1737 parva
909 1689 1038 1723 scuta.
1097 1680 1225 1724 Misc.
1243 1680 1349 1723 Obs.
1373 1695 1443 1722 lx.
1474 1681 1575 1727 367.

108 1756 171 1801 Et
206 1757 362 1800 tractis.
423 1757 488 1800 Ita
526 1755 620 1798 libri
657 1771 799 1798 omnes
837 1754 947 1797 editi.
1006 1754 1200 1797 Muretus
1237 1755 1491 1807 emendabat,
1535 1760 1575 1796 et

33 1831 211 1894 fractis.
254 1831 314 1874 At
332 1831 428 1874 cum
446 1830 486 1873 in
508 1829 643 1873 MSS.
664 1829 798 1872 Vatic.
819 1834 931 1876 3429
951 1836 991 1870 et
1008 1834 1137 1888 4498.
1167 1828 1325 1883 legatur
1344 1828 1514 1880 tantum,
1536 1835 1573 1871 et

46 1906 183 1950 tratis.
241 1904 492 1948 Puteolanus
511 1903 751 1961 conjectura
771 1902 911 1955 edidit,
941 1909 980 1945 et
997 1902 1154 1944 tractis.
1212 1902 1282 1944 Ad
1301 1917 1385 1944 rem
1406 1911 1448 1945 et
1467 1910 1575 1943 vete-

48 1979 103 2023 ris
122 1978 332 2035 scripturae
349 1978 514 2033 vestigia
533 1978 665 2034 aptius
691 1992 738 2019 ac
758 1976 939 2032 propius,
971 1983 1010 2018 et
1024 1962 1255 2032 prostratis.
1315 1974 1414 2017 Hoc
1446 1977 1574 2018 verbo

49 2068 159 2111 ,⁸aePe
178 2052 303 2096 utitur
320 2052 492 2095 Tacitus
511 2052 552 2094 in
572 2051 794 2094 Annalium
814 2059 856 2092 et
876 2050 1154 2092 Historiarum
1171 2048 1299 2092 libris.

108 2127 166 2170 In
185 2142 297 2185 aequo
318 2126 572 2169 obstiterant.
627 2124 736 2167 MS.
755 2123 888 2168 Vatic.
911 2129 1038 2173 3429.
1060 2123 1316 2169 adstiterunt.

109 2201 312 2259 Equitum
331 2199 645 2258 turmcefugere.
703 2199 856 2243 Tentat
885 2197 1065 2254 Lipsius,
1095 2197 1273 2255 equitum
1307 2202 1448 2238 turmae
1479 2195 1577 2252 effa·

49 2276 156 2328 dere,
184 2284 255 2318 aut
274 2275 424 2331 potius,
445 2273 589 2330 effusae.
649 2273 859 2327 Ernestus‚
890 2286 1067 2329 erupere.
1113 2271 1196 2314 Sed
1223 2259 1438 2323 inutiliter;
1469 2269 1502 2315 si
1523 2271 1576 2315 ad

40 2366 114 2404 ea,
145 2365 234 2406 quae
253 2348 294 2391 in
312 2349 419 2391 notis
443 2347 757 2400 observavimus,
788 2346 1029 2390 attendatur.

110 2423 306 2467 Hostium
338 2422 581 2480 agminibus.
640 2421 852 2465 Romanos
884 2419 1053 2461 Tacitus
1099 2417 1264 2464 minime
1284 2416 1400 2468 dixit,
1434 2417 1576 2460 hostes.

51 2497 133 2541 Vel
151 2497 264 2552 ergo,
294 2503 339 2538 ut
357 2495 520 2539 volebat
536 2495 742 2547 Muretus,
772 2493 1065 2537 emendandum
1085 2499 1339 2534 nostrorum.-
1369 2489 1445 2543 vel,
1465 2491 1577 2547 quod

52 2574 108 2615 ob
128 2579 304 2614 veterem
326 2570 569 2626 scripturam
585 2567 859 2618 commodius,
881 2566 1119 2617 cohortium,
1141 2574 1186 2607 ut
1204 2573 1344 2609 monet
1363 2564 1576 2610 Ernestus.

39 2645 201 2701 ‘Recte,
249 2652 295 2690 ut
333 2643 432 2689 mihi
464 2643 633 2694 videtur,
682 2640 893 2686 Acidalius
931 2641 982 2684 de
1020 2638 1247 2698 agminibus
1286 2637 1578 2681 Britannorum

53 2718 238 2774 exponit,
259 2718 410 2774 quibus
429 2715 620 2759 covinarii
637 2723 750 2758 erant
769 2713 956 2756 immixti.
986 2712 1092 2754 Vide
1110 2711 1237 2755 Misc.
1256 2711 1363 2754 Obs.
1386 2725 1455 2752 ix.
1476 2711 1577 2752 368.

115 2791 219 2835 Cuzm
239 2790 341 2849 (egre
360 2791 432 2834 diu
451 2796 615 2833 stantes.
676 2787 883 2843 Corrupte
916 2795 1070 2828 veteres
1104 2785 1314 2836 editiones,
1343 2783 1434 2826 crim
1467 2797 1578 2839 aegra

52 2865 129 2909 diu
145 2873 220 2909 aut
238 2872 384 2909 stante.
442 2864 678 2917 Rhenanus,
697 2877 819 2919 quem
837 2875 979 2906 omnes
998 2848 1147 2918 postea*
1161 2867 1254 2905 sunt
1272 2857 1414 2912 secuti,
1442 2871 1581 2902 emen·-
