1820 3250
663 207 999 249 GERMANIA.
1568 210 1619 246 13

47 331 218 379 'truces
240 331 285 372 et
308 311 503 371 coerulei
524 314 668 375 oculi,
700 307 854 361 rutilae
883 311 1070 368 comae,²
1105 325 1276 375 magna
1305 309 1542 374 corpora,²
1573 323 1621 360 et

54 394 249 457 ³tantflm
286 401 347 449 ad
388 399 619 462 impetum
656 391 837 441 valida:
882 388 1053 437 laboris
1096 399 1236 452 atque
1280 405 1479 452 operum
1523 405 1621 437 non

39 472 226 535 feadem
247 476 486 546 patientia:
510 466 808 535 minimeque'
819 467 942 517 sitim
963 477 1225 530 aestumque
1246 466 1462 525 tolerare,
1479 463 1623 533 frigo-

54 552 118 615 ‘i'a
137 572 276 626 atque
298 554 498 605 inediam
520 551 644 602 coelo
667 548 832 598 solove
854 546 1198 596 adsueverunt,

129 725 179 768 5.
212 717 427 773 Teium,
462 710 546 761 etsi
585 705 822 774 aliquanto
863 703 1016 769 specie
1053 701 1226 760 differt,
1259 700 1309 748 in
1344 699 1620 750 universum

61 801 222 847 'tamen
250 804 329 841 aut
359 790 499 857 sylvis
533 787 741 844 horrida,
776 793 856 832 aut
891 780 1136 846 paludibus
1175 778 1332 827 foeda:
1370 778 1626 839 humidior,

62 874 160 942 qua
184 871 379 930 Gallias,
411 867 665 925 ventosior,
700 861 1052 930 qua‘Noricum
1079 876 1132 906 ac
1154 857 1442 906 Pannoniam
1457 860 1470 886 ³
1507 857 1625 922 aspi-

60 954 151 1003 cit:
187 950 293 1001 satis
315 948 467 1007 ferax,
491 943 827 1011 frugiferarum
850 940 1074 986 arborum
1094 935 1375 1000 impatiens‚⁴
1396 951 1625 999 pecorum

60 1029 305 1090 foecunda,
338 1027 421 1077 sed
443 1026 724 1092 plerumque
745 1019 1034 1083 improcera:
1054 1017 1068 1043 ⁵
1102 1030 1163 1062 ne
1185 1012 1404 1061 armentis
1431 1012 1623 1078 quidem

119 1198 133 1218 ¹
163 1198 307 1238 Rutilae
339 1209 461 1236 comoe.
526 1193 621 1232 Inde
653 1190 811 1234 Seneca,

60 1256 110 1294 de
127 1253 198 1301 ira,
217 1264 289 1292 111-
308 1248 373 1290 26.
423 1249 584 1299 Iniquus
600 1250 723 1284 autem
741 1249 810 1289 est,

876 1214 984 1240 mum
1002 1198 1243 1239 adolescendi
1271 1197 1430 1236 humani
1456 1198 1627 1250 corporis

876 1262 1019 1308 septem
1054 1254 1180 1306 pedes,
1235 1253 1380 1292 Cunceo
1412 1254 1628 1292 mortalium

60 1309 127 1362 qui
143 1320 328 1348 commune
340 1305 473 1344 vitium
488 1301 648 1353 singulis
660 1298 809 1360 objecit.
871 1310 1004 1363 ggnen·
1021 1309 1197 1346 minorem
1215 1307 1254 1344 in
1273 1307 1350 1345 dies
1362 1307 1462 1354 fien-
1479 1321 1629 1347 mensu-

5 1376 13 1385 ‘
61 1363 155 1403 Non
173 1369 229 1401 est
242 1359 436 1410 AEthiopis
464 1358 564 1394 inter
585 1367 670 1394 suos
696 1366 810 1404 mszg-

59 1416 164 1456 nitus
198 1416 326 1456 color:
368 1426 435 1452 nec
466 1410 575 1463 rufus
610 1408 738 1454 crinis,
773 1412 810 1445 et

61 1477 213 1510 coactus
241 1470 280 1508 in
307 1469 442 1507 nodum
458 1465 558 1516 apud
575 1463 808 1502 Germanos.-

59 1531 260 1576 utrumque
276 1524 394 1561 decet.
434 1519 628 1558 Rutilatos
644 1524 725 1554 arte
740 1516 813 1554 cri-

60 1584 126 1618 nes
145 1577 358 1617 videbimus
371 1576 469 1614 infra
480 1575 519 1612 in
531 1572 809 1625 Supplemento

57 1634 207 1679 Annei.
227 1645 328 1671 viu.
345 1634 414 1669 38.

58 1721 62 1726 .
113 1685 134 1704 ²
161 1688 312 1739 Magna
341 1697 515 1734 corpora.
570 1683 635 1720 Sic
668 1680 811 1718 Annal.

62 1755 95 1782 1.
112 1740 178 1781 64.
226 1743 510 1781 Germanorum
527 1749 687 1788 procera
703 1749 813 1772 mem-

59 1798 130 1836 bra
141 1813 157 1842 ,-
185 1803 224 1834 et
257 1796 358 1834 Hist.
378 1806 419 1831 v.
440 1797 502 1831 18.
527 1792 702 1830 immensa
730 1803 812 1827 cor·

55 1864 168 1903 pora.
223 1850 392 1887 Videtur
413 1848 696 1886 Germanorum
726 1843 813 1895 plu-

61 1905 179 1943 rimos
197 1910 290 1943 tunc
309 1902 444 1941 saltem
455 1914 522 1939 sex
534 1901 698 1952 pedibus
712 1898 810 1936 altos

61 1959 192 1998 fuisse.
238 1958 298 1997 Ea
315 1956 542 2008 proceritate
562 1954 692 1992 adhuc
711 1953 811 1991 vale-

62 2014 159 2051 bant
176 2019 288 2052 aetate
306 2010 451 2050 Sidonii
472 2007 718 2061 Apollinaris.
750 2008 811 2045 In-

64 2067 126 2114 de,
150 2068 249 2113 inter
284 2067 445 2105 victores
470 2063 683 2102 Germanos
713 2063 811 2113 posi-

62 2128 139 2167 tus,
155 2130 329 2169 excusat,
351 2119 458 2171 quod
475 2118 668 2168 senipedes
684 2129 812 2154 versus

62 2188 139 2213 non
162 2175 316 2214 scribat.
375 2173 482 2212 Libr.
503 2184 587 2210 ΧΠ.
605 2184 725 2211 carm.
750 2175 810 2209 12.

63 2243 158 2269 vers.
182 2234 245 2268 10.

95 2335 221 2369 Spernit
230 2334 399 2368 senipedem
409 2335 524 2366 stylum
539 2333 659 2363 Thalia,

97 2375 146 2401 Bt
157 2382 217 2408 quo
229 2375 391 2415 septipedes
402 2374 483 2400 videt
490 2376 646 2407 patronos.

13 2475 16 2479 ·
63 2463 178 2502 rorte
195 2470 234 2502 et
251 2463 331 2514 ipse
355 2463 512 2514 senipes,
540 2463 581 2500 id
597 2468 669 2507 est,
699 2459 810 2511 quin-

5 3019 29 3058 ⁴.
61 3001 348 3043 Hebdomadum
371 3003 512 3043 dixisse
535 3003 687 3042 videtur
713 3015 816 3041 sum-

0 3147 31 3250 i

59 2531 138 2568 que
153 2518 331 2569 pedibus,
357 2525 396 2556 et
412 2531 479 2556 sex
499 2517 654 2555 circiter
670 2515 808 2553 unciis.

61 2572 134 2610 Pes
167 2573 269 2609 enim
301 2572 507 2609 Romanus·
532 2578 661 2621 aequat
692 2569 808 2607 ferme

60 2626 168 2677 pedis
231 2626 348 2664 nostri
412 2626 545 2663 uncias
614 2624 808 2663 undecim.

58 2680 206 2719 Contra
246 2680 334 2718 vero
372 2679 554 2717 Germani
595 2679 808 2729 septipedes

59 2742 179 2779 erant,
207 2734 248 2771 id
273 2741 342 2780 est,
368 2733 437 2772 alti
466 2734 579 2784 pedes
600 2746 665 2770 sex
683 2741 722 2770 ct
739 2742 819 2769 un-·

60 2786 141 2825 cias
160 2787 237 2825 fere
255 2788 442 2839 quinque.
498 2787 692 2829 Sidonius,
709 2797 808 2823 vl11.

62 2840 185 2892 Epist.
203 2845 243 2886 9.
262 2849 446 2879 memorat
471 2841 601 2879 adhuc
635 2839 811 2890 Burgun-
828 2847 831 2850 '

56 2894 191 2933 diones
218 2896 444 2947 septipedes.
500 2895 566 2934 Ob
593 2895 692 2932 hanc
716 2894 812 2932 Ger-

61 2961 264 2987 manorum
301 2950 584 3000 proceritatem,
614 2949 752 2994 Varro,
782 2960 812 2986 1.

98 3097 112 3139 N

877 1378 959 1402 ram
1004 1365 1179 1401 observat
1226 1361 1386 1408 Plinius,
1434 1374 1512 1399 vil.
1565 1359 1628 1400 16.

877 1418 1016 1470 [Quod
1036 1430 1111 1455 uon
1129 1418 1183 1454 ita
1200 1426 1350 1454 certum
1377 1423 1447 1453 est.
1504 1416 1630 1468 Supe-

876 1475 975 1512 riore
994 1472 1095 1510 enim
1115 1479 1152 1509 ct
1172 1471 1245 1508 hoc
1263 1477 1391 1508 nostro
1417 1470 1550 1508 seculo
1574 1470 1630 1508 vi-

878 1528 1005 1565 dimus
1029 1527 1214 1571 homines,
1243 1525 1308 1574 qui
1339 1532 1448 1562 crant
1469 1531 1629 1576 septem,

879 1589 968 1620 octo
984 1582 1114 1627 etiam,
1142 1588 1179 1618 et
1197 1578 1364 1629 amplius
1383 1579 1494 1629 pedes
1511 1578 1614 1631 alti]

933 1631 948 1655 ³
979 1635 1164 1673 Noricum
1187 1646 1231 1671 uc
1250 1633 1496 1672 Pannoniam.
1551 1634 1630 1673 Ba-

880 1690 991 1728 varia
1009 1690 1085 1727 and
1101 1688 1275 1726 Austri«.

930 1742 950 1764 4
976 1743 1197 1795 Impatiens.
1251 1742 1362 1780 Tunc
1381 1742 1481 1779 enim
1505 1742 1629 1781 acrio-

878 1812 932 1844 ra,
961 1798 1210 1848 longioraque
1227 1804 1334 1833 erant
1354 1796 1504 1846 frigora,
1534 1797 1627 1836 cum

876 1862 977 1891 terra
993 1853 1108 1903 sylvis
1126 1851 1308 1888 horreret.
1349 1851 1412 1888 Sic
1431 1851 1537 1901 apud
1551 1852 1629 1890 Ca-

876 1908 1061 1945 nadenses
1078 1906 1256 1957 populos,
1281 1905 1317 1941 in
1338 1905 1534 1951 Amen-iezi,
1553 1919 1630 1944 coe-

878 1961 961 1999 lum
979 1961 1183 2010 solumque
1203 1961 1398 1997 mitescere
1417 1967 1630 2010 coeperunt,

875 2015 967 2053 cum
991 2016 1175 2053 immensa
1198 2013 1391 2064 sylvarum
1418 2016 1545 2063 spatia
1572 2017 1631 2052 in-

877 2083 990 2107 censa
1024 2076 1126 2107 sunt.
1184 2068 1297 2106 Adde
1333 2068 1549 2107 Germanos
1582 2082 1629 2106 ne

877 2124 1075 2174 frugiferas
1092 2123 1248 2174 quidem
1274 2123 1426 2159 arbores
1453 2123 1630 2170 coluisse,

874 2178 1050 2228 solasque
1084 2186 1230 2227 *segetes
1269 2187 1376 2215 terrae
1413 2174 1629 2228 impetiisse,

881 2243 926 2270 ut
942 2232 1093 2270 dicetur
1111 2232 1209 2268 infra
1229 2243 1315 2281 cap.
1331 2227 1397 2268 26.

932 2284 947 2306 ⁵
967 2287 1190 2337 Plerumque
1208 2285 1428 2335 improcera.
1485 2286 1530 2323 Id
1543 2287 1629 2336 jam

877 2341 1118 2378 observatum
1149 2353 1267 2390 supra
1299 2339 1441 2377 Annal.
1474 2351 1533 2377 iv.
1563 2345 1630 2383 72.

881 2397 935 2432 At
961 2407 1033 2432 cur
1059 2407 1195 2444 magna
1224 2394 1423 2431 homiuum
1455 2406 1630 2444 corpora,

878 2461 1062 2498 pecorum
1108 2449 1335 2498 improcera.
1402 2447 1543 2494 Causa,
1588 2450 1629 2487 ni

879 2503 1003 2548 fallor,
1033 2503 1138 2552 quod
1168 2502 1336 2539 homines
1366 2501 1500 2540 validis
1522 2516 1630 2541 exer-

878 2557 992 2603 citiis,
1027 2556 1105 2593 vita
1136 2554 1343 2600 liberrima,
1380 2563 1418 2593 et
1451 2557 1630 2595 omnibus

877 2613 980 2657 curis
999 2610 1137 2656 vacuat,
1162 2610 1325 2660 copiosis
1338 2610 1631 2662 pinguibusque

879 2665 990 2709 cibis,
1019 2665 1125 2714 largo
1154 2674 1248 2714 potu
1267 2665 1307 2701 in
1326 2664 1628 2713 magnitudinem

874 2727 1150 2756 excrescerent.
1207 2718 1351 2756 Contra
1380 2731 1519 2766 pecora
1541 2719 1630 2770 plu-

879 2773 961 2817 viis,
989 2773 1138 2822 frigore,
1165 2771 1253 2822 gelu
1274 2772 1342 2808 diu
1362 2771 1482 2822 rigida
1504 2773 1632 2813 minu-

877 2834 1043 2872 erentur,
1069 2827 1148 2863 sine
1166 2826 1212 2862 ci),
1232 2826 1364 2864 frontis
1380 2825 1516 2876 gloria,
1543 2840 1631 2877 qua:

879 2880 975 2918 adeo
1005 2880 1131 2918 vivide
1162 2880 1304 2917 emicat
1328 2881 1368 2917 in
1388 2879 1432 2916 iis
1449 2881 1630 2919 omnibus

877 2934 987 2979 iocis,
1030 2934 1096 2972 ubi
1126 2946 1299 2971 serenum
1329 2934 1548 2983 sudumque
1575 2941 1632 2973 est

881 2989 1038 3027 coelum.
1094 2987 1254 3026 Mutato
1272 2987 1403 3039 postea
1414 2987 1632 3029 Germaniae
