1768 3236
173 206 254 255 396
722 195 1175 237 SUPPLEMENTUM
1430 202 1480 238 A.
1496 201 1546 240 U.
1557 201 1604 240 c,
1623 194 1716 249 796.

167 321 254 376 At,
287 313 493 378 undique
515 308 763 360 vulneratis
786 307 933 374 equiS,
974 309 1188 376 curribus
1210 310 1410 372 excussi,
1447 313 1714 406 obtritique,

169 391 318 444 multa
340 407 450 441 curn
466 400 618 455 strage
633 387 768 435 inulti
791 391 1022 451 pereunt.¹

235 555 318 598 54.
352 548 598 596 INTEREA
646 543 716 592 Fl.
766 543 1083 609 Vespasianus,
1163 545 1223 593 ad
1278 562 1460 595 summa
1515 547 1730 614 genitus„

167 629 360 694 ejusque
382 622 525 673 frater
547 612 778 681 Sabinus,²
792 622 986 688 legatus,
1008 639 1194 672 amnem
1207 625 1491 689 trajecerant.
1525 622 1716 686 Hostes,

174 705 453 755 Gallorum³
492 701 754 766 inruptione
777 712 823 749 et
845 718 1038 750 suorum
1056 702 1185 751 luctu
1217 702 1440 762 turbidos,
1481 695 1719 767 inopinato

154 777 337 840 adorti,
351 780 577 846 plurimos
598 777 883 828 interfecere.
955 778 1066 843 Qua
1083 780 1214 828 clade
1236 796 1332 828 non
1349 779 1529 846 dejecti,
1551 779 1720 830 inritati

146 859 320 925 -magis
358 857 585 917 Britanni,
611 867 866 922 sumtoque
897 875 957 906 ex
1001 857 1163 906 furore
1206 858 1414 918 consilio,
1459 857 1722 923 patientiam

172 936 401 995 incusant,
423 952 565 999 seque
587 935 646 983 ad
667 933 881 998 praelium
904 926 1171 1000 accing'unt:
1204 953 1290 984 nec
1313 935 1399 984 nisi
1414 935 1462 983 in
1484 947 1724 1000 posterum

173 1014 299 1063 diem
343 1013 568 1061 differtur'.
651 1012 887 1078 Utrinque
932 1013 1155 1062 acerrime
1201 1024 1484 1079 pugnatum:
1534 1015 1724 1064 nutabat

114 1123 122 1131 -
174 1090 394 1152 victoria3
426 1092 616 1156 jamque
638 1090 794 1139 hostes
815 1091 1064 1139 Hosidium
1090 1093 1295 1140 Getam4
1316 1091 1725 1153 circumsistebant,

174 1169 292 1219 esim
324 1168 528 1234 pericula
565 1167 615 1215 in
650 1184 815 1216 eorum
849 1167 1042 1217 exitium
1074 1168 1114 1218 is
1151 1169 1395 1229 convertit,
1429 1185 1600 1235 eosque
1629 1162 1726 1219 tam

172 1246 356 1296 fortiter
376 1245 624 1311 superavit,
647 1256 716 1305 ut,
730 1245 840 1296 licet
851 1248 1063 1297 nondum
1086 1248 1248 1298 consul
1262 1246 1439 1309 fuisset,
1474 1247 1728 1315 triumpha-
1765 1279 1768 1283 ·

177 1325 238 1375 lia
259 1323 456 1391 insignia
477 1318 764 1377 obtinuerit.⁵

244 1488 326 1530 55.
361 1481 709 1528 INrEmm’rER
734 1478 906 1528 tentata
923 1477 1221 1541 fortitudine,
1270 1480 1478 1530 Britanni
1511 1483 1571 1530 ad
1609 1493 1731 1533 artes

178 1556 412 1624 refugere.
482 1557 739 1622 Properant
774 1558 832 1606 ad
872 1558 1097 1617 Tamesis,
1132 1567 1248 1607 aestu
1287 1559 1619 1609 intumescente
1652 1561 1732 1614 ad-

180 1636 440 1703 crescpntis‚
482 1635 610 1696 ostia,
628 1659 635 1669 ‘
646 1635 800 1702 gnaris
845 1637 1076 1685 locorum·
1101 1647 1217 1696 tuta,
1250 1637 1420 1703 ignaris
1452 1637 1611 1698 infida,
1646 1628 1756 1687 flu-'

182 1722 386 1780 m'enque
407 1712 650 1780 trajiciunt.
724 1714 944 1773 Romani,
969 1728 1048 1763 eos
1070 1715 1301 1778 prosecuti
1334 1715 1581 1775 incautifis,
1614 1707 1733 1781 peni-

182 1792 336 1841 clitati.
405 1795 474 1841 At
505 1793 652 1852 Galli,
690 1794 752 1841 ob
765 1792 842 1841 -rei
865 1792 1180 1842 difficultatem
1214 1793 1498 1853 audaciores,
1531 1799 1734 1855 enatant,

183 1870 301 1918 dum
322 1869 415 1930 alii,
448 1887 588 1936 supra
610 1887 719 1920 eum
742 1872 900 1920 locum
926 1889 1011 1937 per
1045 1882 1236 1936 pontem
1275 1870 1562 1937 transgressi,
1595 1866 1734 1920 simul

184 1947 433 1997 Britannos
497 1948 789 2009 adoriuntur,
850 1960 897 1998 et
951 1949 1192 2014 multiplici
1252 1965 1426 2015 pugnae
1485 1948 1733 2014 imparatos

185 2024 362 2092 ingenti
408 2026 538 2075 clade
572 2037 886 2091 prosternunt.
955 2026 1259 2076 Laetissimam
1292 2026 1531 2096 victoriam
1575 2015 1732 2075 luctus

188 2103 442 2168 occupavit.
512 2104 750 2171 Fugitivos
770 2104 895 2154 enim
930 2105 1046 2153 dum
1074 2104 1159 2170 ipsi
1197 2104 1506 2154 inconsultius
1543 2118 1734 2170 quoque

195 2366 347 2415 norum,
366 2369 412 2407 de
431 2370 601 2422 quibus'
586 2383 669 2421 Jam
690 2371 841 2410 dictum
866 2385 930 2412 su·
1058 2369 1073 2391 ³
1093 2372 1305 2411 Gallorum.
1333 2370 1415 2416 Qui
1435 2381 1585 2408 amnem
1608 2372 1737 2407 trana-

195 2435 267 2474 pra
281 2422 321 2461 in
332 2422 428 2462 Vita
446 2425 652 2476 Agricolae,
664 2438 805 2464 xxxv
1004 2434 1159 2472 verant3
1188 2431 1233 2464 ut
1251 2424 1367 2463 modo
1383 2424 1531 2462 dictum
1543 2429 1599 2462 est
1607 2430 1737 2474 supra.

1059 2479 1079 2501 ⁴
1097 2481 1144 2518 H
1144 2479 1299 2518 osidium
1308 2479 1457 2517 Getam.
1505 2478 1632 2523 Quem
1648 2475 1740 2524 Dio.

254 2529 473 2570 'Perenna
530 2531 622 2579 Dio,
639 2533 716 2572 loc.
737 2534 804 2572 cit.
1005 2534 1080 2573 loc.
1110 2535 1179 2574 cit.
1213 2532 1385 2585 appellat
1427 2532 1500 2570 Cn.
1532 2530 1739 2569 Hosidium

248 2581 427 2624 ²Frater
454 2585 626 2624 Sabinus.
701 2588 793 2635 Dio,
832 2588 925 2626 ibid.
1005 2589 1162 2628 Getam.
1194 2588 1284 2628 Jam
1313 2586 1478 2624 vidimus
1505 2592 1623 2636 sup'ia
1651 2596 1741 2636 cap.

200 2639 354 2678 Flavius
374 2639 540 2678 Sabinus
555 2639 670 2679 frater
686 2648 770 2680 erat
783 2617 944 2693 ’Vespa--
1005 2647 1069 2687 29.
1093 2642 1300 2681 Hosidium
1321 2640 1462 2679 Getam
1485 2637 1741 2678 Mauritanici

197 2693 307 2739 siani,
336 2695 404 2745 qui
434 2691 566 2745 postea
596 2694 672 2733 suit
708 2697 932 2747 Imperator.
1009 2696 1102 2735 belli
1117 2696 1386 2737 confectorem

199 2748 301 2787 Vide
327 2748 445 2787 Stem.
467 2747 686 2786 Flaviorum
717 2750 756 2787 in
787 2756 867 2789 not.
894 2756 932 2789 et
1065 2749 1077 2770 ⁵
1111 2747 1371 2799 Triumphalia
1398 2746 1563 2798 insignia
1577 2745 1743 2786 obtinue-

199 2802 349 2840 cmend.
377 2802 427 2840 ad
457 2800 558 2840 Hist.
582 2813 613 2839 1.
640 2800 707 2840 46.
767 2804 844 2855 Leg
845 2809 932 2842 atus
1009 2804 1077 2843 rit.
1125 2804 1217 2851 Dio,
1235 2802 1329 2840 ibid.
1360 2803 1421 2840 De
1441 2799 1742 2852 triumphalibus

198 2862 330 2895 autem
347 2856 492 2896 dicitur
523 2854 688 2894 Sabinus
719 2857 825 2908 quod
821 2836 932 2896 t’sane
1010 2857 1239 2896 ornamentis
1264 2856 1432 2895 diximus
1455 2867 1574 2906 supra
1590 2853 1632 2892 in
1648 2852 1743 2893 Vita

198 2917 360 2961 praeerat
390 2910 457 2949 uni
477 2909 498 2948 ὲ
531 2908 758 2960 legionibus,
785 2925 873 2965 quae
894 2912 933 2950 in
1011 2912 1262 2963 Agric.x1.v.

203 2962 404 3004 Britannia
422 2963 653 3004 militabant.
