1768 3236
473 198 850 257 Limtrommi
877 209 1205 250 ANNALIUM.
1524 215 1604 256 217

47 209 155 251 ..J-C.
172 213 242 257 29.

47 354 54 360 .
122 323 170 364 8.
206 314 333 365 CUM
358 313 574 363 Romana
601 313 758 363 civitas
778 313 828 362 in
850 313 921 362 sui
941 313 1303 363 internecionem
1324 313 1386 362 ita
1407 311 1602 374 fureret,

43 392 204 442 scelus
225 407 391 450 unum,
423 392 506 439 sed
526 392 576 439 in
597 392 733 455 plura
753 391 928 440 scelera
948 403 995 439 et
1015 403 1280 455 portentosa
1313 391 1434 440 mala
1465 409 1602 457 erup-

45 481 230 528 ¹turum,
274 480 513 533 patravere
550 469 910 535 Hierosolyma.¹
976 469 1168 517 Pontius
1205 469 1413 528 Pilatus,²
1459 486 1601 534 quem

0 607 2 611 .
53 549 214 597 Caesar
245 547 440 596 Judaeae-
456 558 809 611 procuratorem
841 545 1031 606 fecerat,
1064 563 1161 595 non
1190 564 1371 605 vecors,
1404 547 1601 595 imbellis

15 626 223 683 namen,
266 624 427 673 ,lesum
479 624 753 683 Christum,³
801 621 938 672 novae
987 624 1222 689 religionis
1269 637 1524 683 auctorem,
1565 623 1595 672 a

42 701 219 754 Judaeis
240 701 527 766 pervicacius
543 708 826 768 accusatum,
858 702 1032 750 nullius
1052 702 1254 750 criminis
1283 712 1594 765 compertum,

45 790 202 828 morte
239 777 441 827 adfecit..
489 779 674 828 Diffissa
712 796 840 838 saxa,
886 796 1110 828 concussa
1146 791 1286 837 terra,
1336 778 1405 826 sol
1442 794 1596 826 cassus

44 856 263 916 lumine,4
294 858 393 923 ejus
435 858 614 906 caedem
653 853 810 906 ulcisci
849 868 894 905 et
929 857 1237 906 innocentiam
1276 855 1429 904 testari
1465 854 1559 904 visa
1575 872 1591 904 z

106 1045 120 1065 ¹
145 1047 356 1086 patravere
374 1048 652 1101 Hierosolyma.
680 1049 787 1088 Mor-

41 1107 126 1140 sem
145 1102 237 1140 Jesu
265 1102 405 1139 Christi
435 1104 570 1152 paucis
602 1117 786 1142 memora-

50 1162 143 1200 tam,
172 1156 315 1194 Annal.
337 1168 409 1194 xv.
427 1161 493 1208 44.
513 1158 608 1196 forte
640 1159 679 1195 in
710 1158 785 1196 hac

47 1209 261 1248 Annalium
288 1218 396 1260 parte
414 1211 592 1249 omiserat
608 1212 783 1251 Tacitus.

46 1265 104 1302 At
122 1263 383 1302 Christianum
409 1265 631 1315 scriptorem
664 1267 783 1317 pude-

48 1324 104 1356 ret
121 1317 160 1354 id
178 1318 301 1365 silere,
320 1330 398 1369 quo
415 1318 513 1356 nihil
529 1321 653 1370 majus
670 1333 782 1371 pepe-

44 1383 126 1409 rere
144 1372 289 1419 secu-la,
307 1379 345 1410 et
365 1372 403 1409 in
421 1385 500 1422 quo
519 1373 621 1412 salus
638 1382 778 1421 nostra,

42 1437 142 1477 apes,
170 1431 281 1464 amor
294 1433 334 1464 et
350 1425 482 1475 gloria.

97 1475 118 1495 ²
142 1479 304 1518 Pontius
322 1480 485 1519 Pilatus.
529 1480 681 1529 Joseph.
699 1484 780 1520 An-

44 1532 115 1584 tiq.
128 1533 223 1572 Jud.
243 1546 375 1572 xvnr.
392 1538 430 1572 2.
472 1532 596 1576 ΠᾶιἹιος
613 1531 646 1572 δὲ
663 1535 779 1574 Πίλω-

39 1601 97 1628 τος
115 1582 274 1637 διάδοχος
290 1587 394 1638 αὐτᾷ,
425 1584 546 1640 sguira?
563 1585 644 1631 ἷκεν,
675 1590 776 1628 Pon-

40 1639 118 1678 tius
139 1640 290 1680 Pilatus
307 1641 435 1679 Grato
451 1643 641 1681 successit.

93 1690 111 1714 ³
128 1695 258 1733 Jesam
276 1694 478 1734 Christum.
523 1696 635 1734 Licet
653 1710 701 1734 ex
720 1697 774 1736 D.

41 1747 152 1786 Luca
196 1761 266 1787 111.
301 1755 334 1787 l.
371 1757 410 1787 et
442 1750 772 1789 Antiochenorum

38 1803 205 1840 nummis
234 1803 344 1841 Jesus
378 1803 554 1842 Christus
582 1817 659 1842 non
697 1818 771 1843 xv.

36 1856 102 1893 sed
118 1868 211 1895 mx.
227 1857 370 1895 Tiberii
386 1870 489 1895 anno
505 1866 680 1898 mortuus
692 1868 772 1898 esse

34 1908 233 1956 videatur;
263 1911 355 1949 cum
383 1917 510 1949 tamen
528 1919 668 1950 veteres
691 1926 773 1951 om-

35 1975 101 2001 noe
132 1965 334 2015 scriptores
361 1966 401 2002 in
430 1965 554 2015 priore
585 1966 770 2004 sententia

35 2019 286 2063 consentiant,
315 2021 364 2057 ab
385 2019 429 2056 iis
449 2019 487 2056 in
505 2027 626 2057 vetere
650 2021 770 2071 scrip-

36 2066 118 2109 tor‘e
168 2073 381 2123 supplendo
425 2073 616 2111 discedere
666 2075 768 2112 nefas

34 2126 146 2164 duxi.
192 2127 254 2164 Ne
272 2134 400 2165 autem
418 2139 547 2164 omnes
564 2129 768 2179 appellem,

38 2180 88 2217 sit
106 2179 196 2217 satis
215 2180 388 2218 laudasse
408 2181 668 2228 Lactantium,
698 2183 770 2220 Di-

35 2233 114 2271 vin.
134 2234 256 2273 Instit.
274 2246 334 2272 lv,
357 2239 418 2272 10.
447 2234 593 2273 Exinde
610 2231 698 2273 Tett
707 2250 770 2274 ar-

33 2286 121 2324 chas
162 2288 369 2326 habuerunt
400 2289 422 2326 J
429 2289 526 2325 udaei
560 2302 675 2340 usque
718 2291 769 2328 ad

33 2340 237 2388 Herodem,
265 2342 329 2392 qui
338 2342 428 2394 fuit
444 2343 510 2380 sub
528 2343 682 2392 imperio
704 2343 767 2381 Ti·

29 2394 126 2431 berii
155 2393 341 2440 Coesaris;
370 2397 478 2446 cnjus
509 2409 607 2434 anno
636 2398 766 2447 quinto

30 2447 182 2494 decimo,
227 2449 270 2486 id
308 2455 375 2494 est,
422 2450 562 2487 duobus
596 2449 764 2489 Geminis

29 2503 252 2549 consulibus,
281 2510 369 2541 ante
386 2503 480 2541 diem
499 2504 674 2542 decimam
693 2504 764 2542 C'a-

27 2555 222 2594 lendarum
235 2556 424 2607 Aprilium
435 2556 467 2595 J
467 2557 562 2595 ndoei
573 2556 762 2597 Christum

10 2609 136 2646 ‘cruci
161 2609 384 2656 affixerunt.-
414 2621 452 2648 et
478 2611 760 2649 Tertullianum

22 2662 208 2700 adversus
218 2664 241 2702 J
247 2664 387 2710 udaeos,
404 2676 502 2701 vm.
544 2665 679 2703 Bassio
696 2665 764 2703 ltu-

14 2717 89 2766 jtu
98 2716 308 2754 exterminii
318 2717 422 2755 intra
437 2724 602 2768 tempora
615 2724 764 2769 septua-

22 2768 135 2819 ginta
170 2770 430 2809 hebdomadum
466 2771 651 2822 perfecta,
693 2773 759 2810 sub

27 2822 178 2864 Tiberio
198 2821 357 2869 Caesare,
385 2837 477 2863 coss.
498 2826 669 2864 Rubellio
686 2826 762 2863 Ge-

23 2874 183 2923 mino‚e‘t
200 2876 326 2923 Fusio,
339 2879 500 2929 (corrige
518 2879 663 2929 Fegfio,)
685 2879 761 2918 Ge-

23 2928 135 2976 mino,
175 2944 294 2968 mense
329 2931 494 2978 Illartio,
535 2934 759 2983 temporibus

25 2980 191 3030 Paschoe,
208 2984 266 3022 die
285 2989 320 3023 8.
341 2985 434 3023 Kal.
455 2982 584 3038 AprilL
614 2987 758 3025 Eadem

854 1049 929 1086 fuit
958 1048 1054 1087 Julii
1088 1047 1275 1091 Africani,
1304 1046 1510 1085 Clementis
1537 1046 1591 1082 A-

853 1103 1080 1147 lexandrini,
1111 1102 1350 1152 Hieronymi,
1380 1099 1587 1150 Augustini

852 1157 1095 1208 aliorumque
1107 1164 1273 1194 veterum
1294 1163 1332 1193 et
1347 1155 1586 1192 eruditorum

852 1212 1011 1250 Patrum
1033 1211 1231 1249 sententia.
1288 1210 1333 1247 In
1364 1209 1468 1247 fastis
1491 1218 1586 1258 quo·

849 1279 925 1316 que
944 1265 1212 1304 consularibus
1237 1263 1389 1301 duobus
1410 1262 1583 1300 Geminis

850 1333 945 1358 coss.
964 1320 1139 1358 Christus
1168 1330 1298 1369 passus
1325 1330 1401 1354 esse
1427 1317 1584 1354 dicitur.

849 1373 951 1424 Ergo
970 1374 1103 1412 saltem
1125 1372 1375 1423 quadriennio
1392 1378 1480 1408 ante
1498 1369 1584 1406 vul-

845 1440 972 1477 garem
998 1440 1112 1465 aeram
1131 1434 1213 1464 erat
1227 1431 1363 1463 natus:
1394 1425 1497 1475 quod
1527 1423 1582 1461 fa-

845 1477 974 1519 tentur
1000 1481 1141 1519 eruditi
1167 1479 1284 1518 ferme
1311 1491 1451 1524 omnes»,
1479 1478 1579 1515 duce

843 1535 1023 1587 Josepho,
1061 1535 1142 1586 qui,
1171 1533 1307 1584 Antiq.
1335 1533 1428 1571 Jud.
1466 1541 1580 1569 xvix.

845 1594 867 1627 8
901 1598 939 1628 et
975 1595 1036 1627 11.
1099 1589 1294 1627 Herodem
1327 1586 1580 1638 quadriennio

842 1650 930 1682 ante
972 1643 1170 1693 vulgarem
1212 1653 1347 1680 aeram.
1379 1647 1578 1678 mortuum

843 1704 987 1736 narrat.

894 1750 914 1771 4
934 1751 1002 1789 Sol
1019 1763 1143 1789 cassus
1162 1749 1309 1788 lumine.
1350 1749 1440 1787 Non
1459 1746 1575 1786 modo

843 1805 1162 1856 Christianorum,
1195 1804 1259 1841 sed
1291 1803 1411 1854 ipsius
1439 1801 1576 1854 populi

842 1860 1005 1897 Romani
1036 1865 1138 1904 acta,
1165 1857 1340 1909 prodigia
1367 1858 1406 1895 iu
1432 1855 1575 1895 Christi

841 1920 962 1951 morte
991 1917 1145 1963 patrata
1174 1913 1421 1950 testabantur.
1479 1909 1574 1947 Inde

839 1966 1112 2012 Tertullianus,
1171 1965 1414 2016 Apologetic.
1475 1975 1575 2001 xm.

839 2020 977 2059 Eodem
1003 2026 1183 2058 momento
1209 2019 1302 2064 dies,
1331 2019 1486 2057 medium
1513 2031 1575 2055 or-

837 2074 913 2112 bem
939 2076 1113 2126 signante
1137 2074 1228 2119 sole,
1254 2073 1436 2110 subducta
1462 2076 1574 2109 est—-

838 2142 916 2166 eum
946 2128 1074 2166 mundi
1100 2141 1224 2166 casum
1242 2127 1281 2164 in
1298 2125 1461 2164 archivis
1494 2137 1574 2163 ves-

837 2183 911 2220 tris
940 2182 1174 2220 lmbetis-—et
1191 2180 1281 2218 cum
1302 2180 1412 2217 varia
1438 2179 1572 2217 mortis

835 2249 882 2273 ac
912 2235 1193 2274 resurrectionis
1210 2234 1353 2272 Christi
1382 2233 1574 2271 miracula

840 2290 1100 2334 recensuisset,
1116 2288 1226 2326 addit
1237 2302 1255 2325 :.
1266 2301 1309 2325 ea
1325 2287 1446 2325 omnia
1462 2300 1574 2338 super

836 2342 987 2381 Christo
1021 2343 1185 2385 Pilatus.
1224 2347 1262 2379 et
1288 2342 1366 2392 ipse
1379 2343 1470 2391 jam
1497 2354 1572 2391 pro

832 2397 901 2434 cml
919 2395 1145 2435 conscientia
1164 2395 1415 2441 Christianus,
1428 2394 1570 2433 C'oesari

834 2455 924 2488 tunc
962 2450 1113 2488 Tiberio
1159 2449 1362 2487 nuntiavit.
1420 2448 1572 2500 Martyr

832 2517 987 2554 quoque
1001 2504 1195 2542 Lucianus
1205 2503 1310 2554 apud
1326 2502 1454 2540 Rufin.
1468 2503 1568 2540 Hist.

836 2558 945 2595 Eccl.
969 2570 1031 2595 ix.
1049 2554 1088 2594 6.
1143 2556 1341 2607 Requirite
1365 2556 1406 2594 in
1423 2557 1569 2594 annali·

832 2613 897 2649 bus
929 2611 1078 2657 vestris,
1114 2609 1311 2649 invenietis
1343 2610 1567 2660 temporibus

832 2665 966 2711 Pilati,
1013 2664 1162 2702 Christe
1203 2664 1384 2715 patiente,
1416 2663 1566 2715 fugata

828 2719 919 2764 sole,
963 2719 1214 2769 interruptum
1259 2717 1420 2755 tenebris
1457 2717 1566 2755 diem.

831 2772 935 2810 Olim
948 2773 1063 2810 fuisse
1074 2785 1162 2809 vera
1178 2771 1291 2810 Pilati
1304 2779 1405 2816 acta,
1421 2771 1563 2821 postea,
1584 2777 1590 2781 ⁴

829 2827 935 2864 circa.
956 2826 1163 2863 Maximini
1183 2834 1368 2875 tempora,
1386 2824 1476 2869 alia,
1498 2824 1567 2860 ad·

831 2880 980 2917 versssm
1017 2879 1216 2917 Christum
1254 2879 1448 2928 probrosa,
1488 2890 1566 2914 esse

829 2933 993 2971 conficta
1010 2934 1152 2970 nerunt
1169 2932 1239 2969 viri
1257 2944 1384 2968 omnes
1410 2930 1564 2970 eruditi.

831 2988 956 3024 Moses
973 2985 1239 3033 Choronensis,
1270 2986 1371 3022 Hist.
1391 2985 1566 3022 Armeni-
