1768 3236
29 203 70 245 J.
96 205 144 244 c,
171 198 237 242 68.
308 213 316 222 =
354 202 500 241 LIBRI
530 188 1269 241 DECIMI-SEXTI'ANNALIUM.
1493 205 1572 245 495

25 297 180 373 spreto
201 305 480 370 Prindpam,
513 321 750 371 summum
779 302 967 351 honoris
992 303 1282 367 promeritus.
1350 306 1418 352 At
1438 303 1570 364 felix,

27 385 108 450 qui
129 387 191 433 ob
213 385 399 432 nimiam
420 383 637 431 virtutem
665 381 836 445 parum
857 391 1014 445 gratus
1035 381 1253 444 suspicaci
1264 380 1489 445 Principi,
1522 383 1571 430 id

27 462 86 510 in'
99 462 170 510 his
189 473 453 525 temporum
474 458 681 507 adversis¹
695 469 763 506 est
784 458 1044 516 adsecutus,
1068 469 1119 505 ut
1135 458 1364 506 malorum
1386 459 1568 524 reipub-

29 539 131 588 licae
152 550 379 603 spectator
398 538 600 596 tantum,
632 552 728 583 non
750 547 893 593 actor,
926 534 1087 599 gloriae
1110 552 1206 584 suae
1228 526 1473 600 superstes,
1508 539 1568 585 ad
1591 556 1593 559 ¹

29 608 92 666 ea*
118 634 264 681 usque
303 615 534 664 duraverit
571 627 796 679 tempora,
829 612 996 678 quibus
1034 613 1198 661 revixit
1230 614 1441 662 Romana
1470 613 1568 662 feli-

31 695 174 744 citas.¹
326 694 332 705 ¹

27 848 32 854 ’
98 856 177 898 95.
214 851 479 898 CRUENTo
529 858 684 896 autem
733 846 953 911 Principis
1002 846 1162 895 itinere
1207 846 1378 896 foedior
1415 850 1566 903 adhuc

30 919 266 977 adventus.
335 928 557 990 Urbsque
586 925 765 973 horruit
789 925 1068 984 Classiarios,
1103 925 1182 989 qui
1203 926 1385 973 obviam
1407 944 1567 975 occur-

28 1008 220 1063 ferant?
252 994 428 1068 sibique
462 1003 667 1050 militiam
690 1003 718 1049 a
740 1004 930 1050 Nerone
952 1002 1131 1049 datam³
1169 1004 1337 1051 servari
1359 1005 1567 1063 orabant,

28 1099 125 1131 non
163 1083 329 1129 modo*
346 1080 487 1146 rejici,
520 1080 618 1138 sed,
653 1080 731 1144 qui
769 1079 966 1143 aquilam
1003 1080 1222 1144 signaque
1235 1084 1254 1108 4
1289 1081 1567 1144 pertinacius

27 1160 355 1231 flagitaverant,
388 1157 591 1204 immisso
626 1155 866 1204 confestim
889 1156 1057 1220 equite,
1091 1174 1318 1221 equorum
1335 1159 1380 1206 vi
1402 1159 1566 1218 obteri,

26 1249 106 1286 aut
143 1235 386 1283 trucidari:
422 1234 700 1297 superstites,
733 1234 782 1281 in
800 1234 944 1281 Urbis
965 1234 1109 1282 oculis
1132 1236 1382 1294 decumari,
1417 1248 1567 1285 custo-

27 1313 162 1362 diave
182 1312 377 1370 attineri,
401 1304 507 1359 licet
528 1311 576 1359 in
597 1313 740 1360 fidem
761 1315 1004 1375 acceptos.⁵
1060 1313 1222 1360 Amoti
1244 1313 1378 1360 etiam
1400 1325 1567 1377 praeto-

27 1383 263 1440 rianor'um
317 1386 561 1453 plerique,⁶
629 1391 690 1438 ob
745 1390 1017 1454 Nymphidii
1065 1390 1299 1438 molimina
1354 1391 1563 1455 suspecti.

3 1460 376 1517 'Germanorum
421 1467 607 1525 cohors,
658 1484 762 1531 quae
808 1466 962 1514 multis
1007 1468 1113 1514 fidei
1149 1468 1472 1531 experimentis
1516 1486 1566 1516 se

25 1545 255 1611 prioribus
277 1544 571 1594 Caesaribus
558 1561 606 1591 m
629 1544 834 1608 corporis
857 1544 1063 1592 custodia
1085 1546 1430 1608 approbaverat,
1463 1556 1566 1593 tum
1586 1582 1589 1588 .

26 1624 260 1681 dissoluta,
293 1640 345 1670 ac
368 1622 463 1670 sine
485 1621 583 1668 ullo
618 1621 900 1669 commodo'
888 1637 936 1668 m
956 1621 1147 1684 patriam
1182 1622 1396 1692 remissa·
1383 1659 1398 1682 ,
1436 1623 1565 1687 quasi

27 1700 304 1758 Dolabellae,
333 1701 468 1764 juxta
490 1700 619 1767 cujus
641 1699 800 1746 hortos
823 1699 1072 1757 tendebat‚⁷
1106 1700 1308 1762 pronior.

92 1862 172 1904 96.
206 1857 439 1902 TAans
465 1870 560 1900 non
581 1852 699 1901 facta
719 1853 963 1922 securitas,
996 1853 1190 1906 conflata
1223 1854 1408 1902 tantum
1442 1854 1564 1915 odia,
1614 1916 1620 1925 κ

24 1949 130 1999 quae
151 1932 199 1979 in
222 1932 316 1979 dies
346 1933 626 1990 crescebant,
660 1932 774 1979 dum
796 1932 918 1995 apud
939 1948 1114 1990 senem,
1147 1931 1194 1978 in
1217 1948 1377 1995 poenas
1406 1949 1562 1996 prom·

25 2023 145 2069 tum,
179 2010 361 2056 tardum
383 2010 441 2056 ad
462 2008 667 2072 praemia,
689 2009 843 2058 nullus
866 2020 982 2066 esset
1003 2008 1160 2073 gratiae
1183 2007 1347 2068 locus‚⁸
1381 2026 1564 2058 conces·-

24 2158 97 2196 pro
132 2143 257 2182 Galba
293 2143 513 2193 Vin-gildam
550 2150 588 2180 ot
621 2143 761 2180 Fabius
882 2142 902 2163 4
929 2143 1133 2194 Signaque.
1188 2144 1372 2195 Aquilam
1401 2151 1438 2181 et
1456 2145 1562 2195 signa

34 2198 172 2235 Valens
204 2211 289 2235 eum
320 2197 574 2234 cunctationis
599 2209 759 2244 ,accusa—

30 2260 146 2298 verat,
175 2259 266 2288 teste
282 2251 433 2303 Tucim,
463 2251 556 2294 ibid.
578 2263 663 2300 cap.
684 2255 747 2289 5²2.

45 2381 50 2384 ·
87 2359 99 2376 ¹
131 2358 489 2408 Romanafi-licitas.
546 2359 759 2408 Iinporante

29 2413 208 2463 Trajan0‚
238 2422 280 2450 nt
311 2413 471 2457 dicetur,
499 2412 589 2448 cum
607 2412 656 2447 ad
677 2412 758 2448 haec

33 2474 206 2518 tempora
222 2467 491 2503 devenerimus.

85 2518 103 2535 ²
131 2520 396 2558 occurrerant.
441 2520 500 2556 Ad
520 2519 672 2556 tertium
692 2518 762 2555 fer-

33 2574 95 2612 me
124 2575 173 2611 ab
208 2574 309 2611 Urbe
342 2573 522 2621 lapidem,
563 2572 762 2609 Plutarch.

33 2627 71 2664 in
90 2626 230 2674 Galba,
250 2641 288 2676 p.
313 2631 426 2671 1059.
478 2626 577 2662 Vide
599 2635 638 2663 et
654 2625 767 2662 Taci-

34 2688 130 2723 tum,
160 2681 310 2722 His-m.
332 2684 394 2721 87.

87 2730 104 2752 ³
135 2736 168 2770 A
190 2734 342 2771 Nerone
374 2734 512 2769 elatam.

33 2893 220 2943 legionem
257 2894 409 2939 fecerat,

34 2946 100 2985 cit.
122 2951 134 2970 ⁶

297 3022 414 3056 VOL.
440 3023 508 3055 lv.

574 2733 629 2769 Ex
661 2733 768 2768 remi-

30 2787 276 2837 gi'msjuslos
294 2786 428 2822 milites
445 2785 667 2834 eosseccra!
689 2786 766 2821 Ne-

3 2873 6 2875 .
35 2853 91 2885 ro,
120 2840 277 2878 Sueton.
298 2840 334 2875 in
361 2840 501 2882 Galba,
531 2851 619 2876 xv1.
641 2838 676 2875 id
697 2846 764 2883 cst,

457 2892 654 2931 Plutarch.
690 2891 765 2929 loc.

832 2198 1003 2247 legionis.

886 2250 898 2271 ⁵
950 2251 997 2287 In.
1028 2250 1149 2298 fidem
1195 2255 1376 2299 acceptos.
1436 2251 1563 2289 Tacit.

834 2305 933 2342 liist.
954 2316 984 2340 1.
1003 2301 1041 2339 6.
1064 2307 1112 2345 37
1135 2312 1172 2340 ct
1192 2308 1255 2346 87.
1313 2303 1376 2342 Sic
1395 2306 1565 2343 trucida-

833 2365 871 2394 ta
891 2358 1013 2395 multa
1039 2357 1161 2393 millia
1179 2357 1376 2394 inermium
1398 2366 1434 2395 et
1453 2360 1560 2397 inno-

833 2411 1133 2448 centissimorum
1188 2409 1368 2447 militnm.
1451 2413 1560 2451 Male

837 2465 922 2508 1)i‚0
941 2476 1055 2501 thv
1074 2477 1111 2512 p.
1129 2468 1219 2508 7'29.
1236 2463 1284 2500 ad
1305 2466 1560 2514 pratorian0s‚

831 2513 1020 2569 ὃοςυφᾶςυς,
1050 2517 1192 2562 retulit,
1221 2529 1305 2566 quae
1334 2518 1383 2555 ad
1412 2517 1565 2557 classia-

834 2572 906 2608 rios
936 2572 1118 2621 pertinere
1147 2571 1404 2610 demonstrant
1427 2573 1563 2610 Sueto-

837 2626 921 2661 nius
938 2632 975 2661 ct
996 2624 1238 2667 Plnt251rchu‚
1267 2624 1339 2662 loc.
1359 2628 1426 2664 cit.
1600 2629 1603 2632 ”

885 2674 901 2694 ⁶
930 2677 1246 2715 Ριαΐονὶαηονιιηι
1261 2679 1441 2729 plerique.
1471 2680 1565 2718 Sue-

837 2737 914 2767 ton.
932 2732 969 2768 in
990 2730 1132 2773 Galba,
1163 2743 1254 2767 XVI.

888 2780 902 2803 ⁷
932 2784 1132 2822 Tendebat.
1188 2784 1343 2822 Suc-ton.
1361 2785 1399 2821 in
1418 2785 1562 2834 Galba,

840 2849 920 2875 xu-

861 2887 902 2922 .⁸
943 2890 1091 2928 Gratiae
1131 2890 1245 2929 locus.
1320 2893 1476 2930 Sueten.
1519 2892 1560 2937 in

812 2976 821 2986 ,,
837 2942 977 2986 Galba,
1008 2956 1086 2982 xxv
1106 2950 1145 2981 et
1162 2956 1232 2982 xv.

1162 3014 1235 3053 21
