1768 3236
294 176 374 216 AD
403 175 503 214 LIB.
531 170 884 213 DE'MORIBUS
912 166 1339 212 GERMANORUM.
1506 171 1585 218 571

108 277 230 322 CAP.
258 282 331 322 25.
363 277 626 321 Ministeriis.
701 275 805 318 MS.
844 273 997 318 Vatia*
1024 275 1149 319 1862.
1188 274 1402 317 ministris.
1479 273 1584 319 MS.

51 351 187 397 Vatic.
206 354 334 402 2964.
353 351 588 395 ministeriis
605 349 701 394 suis.
889 340 891 343 ’
1129 336 1136 348 ’
1440 351 1444 355 ’
1539 363 1541 366 ·

112 426 210 470 Nisi
228 426 340 485 qaod
354 425 531 483 impune.
590 425 728 467 MSS.
741 423 877 467 Vatic.
897 432 939 466 et
955 423 1098 466 Turic.
1118 422 1282 480 implum&
1299 431 1368 467 est.

109 500 324 544 Libertini
355 517 436 543 non
469 499 656 543 multum.
717 498 836 541 Libri
870 509 1012 540 omnes
1043 498 1402 551 anteErnestum,
1421 497 1588 547 liberti,
1628 516 1632 518 ·

52 575 186 618 Recte
205 575 446 628 emendavit,
466 573 650 617 libertini
659 591 672 616 .-
702 573 761 615 sic
783 572 892 614 enim
919 588 1016 614 mox
1043 572 1148 614 infra
1168 571 1392 628 legebatur,
1413 574 1586 628 impares

50 650 250 694 libertini.
309 651 450 707 Atque
467 649 534 691 hic
562 663 644 689 non
669 649 719 689 de
741 647 992 703 singularum
1013 648 1230 689 domorum
1251 646 1422 698 libertis,
1443 647 1514 688 sed
1532 647 1585 688 de

9 744 15 748 ·
49 725 142 781 ipso
174 724 385 768 hominum
419 724 573 776 ordine,
603 721 675 779 qui
706 720 884 764 libertini
913 731 1125 773 vocantur,
1155 729 1200 773 ut
1218 720 1446 763 videre.est
1471 715 1587 777 apud

49 797 311 851 Ciceronem,
331 798 448 840 Verr.
471 812 503 840 1.
523 802 595 844 47.

109 872 300 930 Aliquod
314 879 571 914 momentum.
632 871 734 913 MS.
755 869 953 912 Arundel.
973 869 1136 928 aliquid
1147 871 1352 913 momenti.

54 967 57 971 ’
115 946 219 993 Quae
251 953 497 1004 regnantur.
554 945 670 988 Bene
693 945 830 987 MSS.
851 931 988 988 Va‘tic.
1016 950 1122 988 1518
1144 953 1186 987 et
1205 951 1333 993 4498.
1365 944 1456 987 libri
1482 960 1584 1000 quo-

50 1037 132 1079 que
151 1037 292 1063 omnes
312 1020 420 1062 editi.
480 1019 530 1062 In
551 1020 654 1061 MS.
674 1019 811 1061 Vatic.
831 1019 958 1067 2964.
980 1026 1166 1076 regnant.

110 1094 245 1151 Super
271 1096 463 1154 ingenuos
495 1101 534 1136 et
564 1094 683 1150 super
713 1093 879 1135 nobiles.
940 1093 1048 1135 Haec
1068 1092 1348 1135 conditionum
1378 1091 1585 1136 diversitas

50 1185 162 1226 taepe
181 1178 429 1212 memoratur
446 1169 489 1210 in
509 1167 711 1210 veteribus
732 1166 1036 1209 Germanorum
1055 1166 1230 1222 legibus.
1291 1166 1399 1208 Eam
1418 1183 1586 1224 quoque

51 1243 185 1286 videre
221 1253 283 1286 est
316 1244 426 1300 apud
461 1244 667 1285 Saxonem
707 1241 1035 1284 Grammaticum
1068 1241 1112 1283 in
1150 1240 1311 1296 legibus
1349 1241 1585 1296 Frothonis‚

54 1316 274 1360 D'anomm
289 1317 407 1372 regis,
428 1333 530 1373 quas
546 1316 709 1372 egregie
730 1315 951 1372 explicavit
973 1315 1041 1359 Cl.
1059 1314 1228 1367 Mallet,
1249 1319 1278 1339 “
1297 1313 1588 1359 Introduction

49 1391 78 1434 ὁ
101 1391 320 1435 l'Histoire
341 1393 391 1434 de
417 1390 716 1445 Danemarck,'’
746 1406 790 1444 p.
811 1397 829 1432 1
842 1397 906 1442 ll.
968 1390 1192 1439 Quomodo
1211 1397 1347 1431 autem
1369 1389 1472 1446 quis,
1501 1405 1587 1432 non

49 1474 169 1509 natus
186 1466 380 1522 ingenuus
398 1465 439 1508 in
456 1465 742 1521 ingenuitatem
757 1473 1000 1508 assereretur
1020 1465 1170 1506 docent
1190 1473 1342 1506 veteres
1363 1464 1586 1518 meulae,

52 1540 238 1584 Formul.
261 1539 355 1582 xii.
371 1545 399 1564 “
413 1541 463 1582 de
482 1538 777 1596 Ingenuitate.”
806 1544 833 1564 “
855 1539 941 1587 Qui
961 1538 1145 1581 debitum
1164 1537 1241 1580 sibi
1261 1554 1412 1586 nexum
1430 1538 1588 1592 relaxat

51 1615 274 1667 servitium,
309 1614 350 1656 in
397 1616 536 1657 futuro
572 1616 686 1670 apud
723 1613 971 1656 Dominium
1010 1613 1090 1655 sibi
1126 1613 1351 1655 retribuere
1389 1613 1585 1658 confidat.

49 1688 184 1746 Igitur
212 1705 291 1745 ego
323 1689 365 1731 in
395 1688 479 1731 Dei
511 1688 677 1731 nomine
705 1688 774 1730 ille
803 1688 861 1730 N.
895 1703 972 1744 pro
1003 1687 1184 1730 remedio
1203 1686 1347 1728 animae
1372 1702 1489 1737 meae,
1517 1687 1586 1731 vd

50 1764 202 1806 aeterna
222 1763 502 1815 retributione,
537 1779 697 1805 servum
719 1762 824 1820 juris
844 1762 925 1804 mei
954 1762 1118 1804 nomine
1137 1761 1255 1803 illum
1283 1760 1345 1803 N.
1364 1760 1586 1816 ingenuum

50 1854 137 1882 esse
156 1837 369 1894 praecipio,
387 1846 428 1879 et
446 1837 488 1879 in
507 1838 763 1880 sacrosancti&⁴
783 1836 977 1879 Ecclesia
993 1835 1216 1879 beatissimi
1233 1834 1374 1876 Sancti
1392 1834 1501 1876 illius
1521 1829 1583 1877 N.

47 1915 126 1963 mh
145 1911 361 1969 praesentia
378 1913 634 1954 sacerdotum
663 1911 816 1953 ibidem
836 1910 1141 1954 consistentium
1176 1917 1269 1952 aute
1288 1924 1416 1950 cornu
1447 1908 1584 1952 altaris

50 1989 103 2030 ab
124 1986 236 2029 omni
256 1985 415 2029 vinculo
436 1985 638 2028 servitutis
657 2001 753 2028 eum
773 1985 955 2028 absolvo.
1013 1983 1080 2027 Ita
1099 1992 1144 2026 ut
1163 1982 1371 2038 deinceps,
1390 1991 1585 2039 tanquam

45 2066 82 2104 oi
112 2062 165 2103 ab
194 2060 374 2116 ingenuis
404 2059 640 2116 parentibus
669 2059 811 2102 fuisset
839 2068 957 2101 natus
975 2058 1039 2101 vel
1066 2065 1315 2114 procreatum,
1335 2065 1416 2109 eat,
1442 2065 1586 2113 pergat

49 2143 208 2191 partem
227 2150 350 2191 quam
370 2133 574 2186 maluerit,
594 2142 635 2176 et
654 2134 762 2176 sieut
779 2133 848 2176 alii
869 2133 976 2175 cives
989 2131 1167 2174 Romani
1182 2131 1306 2173 vitam
1326 2132 1452 2173 ducat
1469 2131 1585 2187 inge·

44 2223 184 2251 nuam.
244 2209 304 2251 Et
322 2209 355 2251 si
376 2208 511 2266 aliqua
530 2208 760 2265 procreatio
779 2207 975 2258 filiorum,
995 2206 1057 2248 vel
1078 2205 1276 2258 filiarum3
1306 2219 1357 2246 ex
1378 2204 1471 2260 ipso
1495 2213 1585 2248 orm

48 2282 184 2336 fuerit,
221 2282 405 2326 similiter
442 2283 549 2325 vivat
587 2282 776 2338 ingenua,
814 2289 856 2323 et
892 2281 995 2323 nulli
1032 2280 1228 2321 heredum
1267 2293 1470 2329 meorum,
1507 2295 1584 2322 nec

48 2356 293 2414 cuicumque
311 2356 399 2399 aliae
429 2372 614 2413 personae
635 2356 857 2414 quicquam
885 2356 1032 2397 debeat
1051 2352 1268 2404 servitutis,
1295 2367 1370 2394 nec
1390 2351 1591 2406 libertini-3,

48 2430 141 2472 tatis
160 2429 422 2487 obsequium,
452 2430 529 2473 nisi
562 2429 640 2472 soli
673 2430 785 2482 Deo,
820 2428 886 2472 cui
912 2428 1051 2471 omnia
1069 2427 1257 2483 subjecta
1275 2434 1392 2480 sunt3
1422 2427 1486 2468 vel
1505 2442 1583 2483 pro

49 2504 166 2560 cujus
204 2519 343 2547 amore
381 2505 517 2560 ipsum
555 2506 723 2547 devotus
762 2503 895 2546 obtuli
927 2501 1198 2559 patrocinium
1231 2508 1273 2542 et
1304 2500 1584 2545 defensionem

47 2578 296 2634 cuicumque
329 2594 373 2622 se
402 2577 570 2634 elegerit
598 2578 641 2621 in
670 2578 861 2621 omnibus
898 2577 1005 2620 illius
1035 2574 1479 2633 perfruaturarbitrio.
1536 2575 1586 2617 Si

48 2651 139 2709 quis
158 2653 253 2695 vero
273 2653 384 2708 quod
405 2654 588 2695 futurum
609 2669 697 2695 esse
725 2667 808 2694 non
826 2654 965 2704 credo,
995 2651 1029 2694 si
1059 2650 1184 2693 fuerit
1213 2649 1358 2707 aliquis
1387 2666 1439 2692 ex
1469 2651 1587 2692 heree

46 2726 169 2769 dibus
198 2727 316 2778 meis,
348 2726 412 2768 vel
443 2727 637 2783 quislibet
665 2742 853 2783 persona,
882 2727 955 2784 qui
985 2733 1127 2769 contra
1156 2725 1259 2766 hanc
1293 2723 1587 2780 ingenuitatem

49 2800 185 2843 venire
203 2809 275 2843 aut
294 2816 385 2843 eam
406 2802 608 2856 refragare
626 2800 920 2858 praesumserit,
933 2800 1041 2843 illud
1060 2800 1171 2857 quod
1190 2798 1340 2854 repetit
1357 2813 1441 2840 nou
1462 2796 1589 2839 vindi-

47 2881 130 2927 cet,
148 2884 192 2918 et
208 2874 373 2931 insuper
389 2883 538 2922 contra
550 2874 617 2920 cui
635 2874 750 2919 litem
765 2874 959 2927 intulerit,
977 2874 1139 2919 solidos
1153 2887 1233 2918 Lx.
1253 2879 1489 2928 componat.
1531 2870 1589 2921 Et
