<?xml version="1.0" encoding="UTF-8"?>
<!DOCTYPE html PUBLIC "-//W3C//DTD XHTML 1.0 Transitional//EN"
    "http://www.w3.org/TR/xhtml1/DTD/xhtml1-transitional.dtd">
<html xmlns="http://www.w3.org/1999/xhtml" xml:lang="en" lang="en">
 <head>
  <title>
</title>
<meta http-equiv="Content-Type" content="text/html;charset=utf-8" />
  <meta name='ocr-system' content='tesseract 3.04.00' />
  <meta name='ocr-capabilities' content='ocr_page ocr_carea ocr_par ocr_line ocrx_word'/>
</head>
<body>
  <div class='ocr_page' id='page_1' title='image "./operarecognovite04taciuoft_0625.png"; bbox 0 0 1768 3236; ppageno 0'>
   <div class='ocr_carea' id='block_1_1' title="bbox 383 168 1601 218">
    <p class='ocr_par' dir='ltr' id='par_1_1' title="bbox 383 168 1601 218">
     <span class='ocr_line' id='line_1_1' title="bbox 383 168 1601 218; baseline 0.005 -6"><span class='ocrx_word' id='word_1_1' title='bbox 383 170 463 212; x_wconf 78' lang='lat' dir='ltr'>AD</span> <span class='ocrx_word' id='word_1_2' title='bbox 491 168 675 213; x_wconf 77' lang='lat' dir='ltr'>VITAM</span> <span class='ocrx_word' id='word_1_3' title='bbox 703 171 791 212; x_wconf 90' lang='lat' dir='ltr'>CN.</span> <span class='ocrx_word' id='word_1_4' title='bbox 819 170 930 212; x_wconf 85' lang='lat' dir='ltr'>JUL.</span> <span class='ocrx_word' id='word_1_5' title='bbox 957 173 1268 215; x_wconf 78' lang='lat' dir='ltr'>AGRICOLAE.</span> <span class='ocrx_word' id='word_1_6' title='bbox 1518 174 1601 218; x_wconf 75' lang='lat'>613</span> 
     </span>
    </p>
   </div>
   <div class='ocr_carea' id='block_1_2' title="bbox 46 270 1625 1067">
    <p class='ocr_par' dir='ltr' id='par_1_2' title="bbox 47 270 1591 478">
     <span class='ocr_line' id='line_1_2' title="bbox 116 270 1591 326; baseline 0.003 -9"><span class='ocrx_word' id='word_1_7' title='bbox 116 270 177 318; x_wconf 80' lang='lat' dir='ltr'>Ut</span> <span class='ocrx_word' id='word_1_8' title='bbox 196 271 447 319; x_wconf 69' lang='lat' dir='ltr'>Domitiano</span> <span class='ocrx_word' id='word_1_9' title='bbox 466 275 592 318; x_wconf 74' lang='lat' dir='ltr'>moris</span> <span class='ocrx_word' id='word_1_10' title='bbox 611 281 716 318; x_wconf 80' lang='lat' dir='ltr'>erat.</span> <span class='ocrx_word' id='word_1_11' title='bbox 765 274 831 318; x_wconf 88' lang='lat' dir='ltr'>Ita</span> <span class='ocrx_word' id='word_1_12' title='bbox 850 273 954 319; x_wconf 90' lang='lat' dir='ltr'>MS.</span> <span class='ocrx_word' id='word_1_13' title='bbox 974 274 1109 320; x_wconf 88' lang='lat' dir='ltr'>Vatic.</span> <span class='ocrx_word' id='word_1_14' title='bbox 1130 282 1256 326; x_wconf 70' lang='lat'>3499.</span> <span class='ocrx_word' id='word_1_15' title='bbox 1276 283 1318 320; x_wconf 87' lang='lat' dir='ltr'>et</span> <span class='ocrx_word' id='word_1_16' title='bbox 1335 275 1430 319; x_wconf 85' lang='lat' dir='ltr'>libri</span> <span class='ocrx_word' id='word_1_17' title='bbox 1447 292 1591 321; x_wconf 86' lang='lat' dir='ltr'>omnes</span> 
     </span>
     <span class='ocr_line' id='line_1_3' title="bbox 49 340 1590 410; baseline 0.002 -18"><span class='ocrx_word' id='word_1_18' title='bbox 49 348 159 392; x_wconf 76' lang='lat' dir='ltr'>editi.</span> <span class='ocrx_word' id='word_1_19' title='bbox 218 348 270 392; x_wconf 90' lang='lat' dir='ltr'>In</span> <span class='ocrx_word' id='word_1_20' title='bbox 310 348 412 392; x_wconf 81' lang='lat' dir='ltr'>MS.</span> <span class='ocrx_word' id='word_1_21' title='bbox 441 348 577 392; x_wconf 83' lang='lat' dir='ltr'>Vatic.</span> <span class='ocrx_word' id='word_1_22' title='bbox 610 354 739 397; x_wconf 82' lang='grc'><strong>4498.</strong></span> <span class='ocrx_word' id='word_1_23' title='bbox 768 356 816 392; x_wconf 78' lang='lat' dir='ltr'>ut</span> <span class='ocrx_word' id='word_1_24' title='bbox 852 358 942 392; x_wconf 82' lang='lat' dir='ltr'>erat</span> <span class='ocrx_word' id='word_1_25' title='bbox 975 348 1260 394; x_wconf 73' lang='lat' dir='ltr'>Domitianus.</span> <span class='ocrx_word' id='word_1_26' title='bbox 1320 351 1390 395; x_wconf 89' lang='lat' dir='ltr'>Sic</span> <span class='ocrx_word' id='word_1_27' title='bbox 1425 340 1590 410; x_wconf 81' lang='lat' dir='ltr'>quoque</span> 
     </span>
     <span class='ocr_line' id='line_1_4' title="bbox 47 422 984 478; baseline 0 -12"><span class='ocrx_word' id='word_1_28' title='bbox 47 431 286 466; x_wconf 78' lang='lat' dir='ltr'>annotatum</span> <span class='ocrx_word' id='word_1_29' title='bbox 306 422 348 465; x_wconf 89' lang='lat' dir='ltr'>in</span> <span class='ocrx_word' id='word_1_30' title='bbox 368 423 549 478; x_wconf 84' lang='lat' dir='ltr'>margine</span> <span class='ocrx_word' id='word_1_31' title='bbox 573 422 675 466; x_wconf 89' lang='lat' dir='ltr'>MS.</span> <span class='ocrx_word' id='word_1_32' title='bbox 697 423 834 466; x_wconf 84' lang='lat' dir='ltr'>Vatic.</span> <span class='ocrx_word' id='word_1_33' title='bbox 855 429 984 473; x_wconf 81' lang='grc'><strong>3429.</strong></span> 
     </span>
    </p>

    <p class='ocr_par' dir='ltr' id='par_1_3' title="bbox 111 496 936 554">
     <span class='ocr_line' id='line_1_5' title="bbox 111 496 936 554; baseline 0.001 -15"><span class='ocrx_word' id='word_1_34' title='bbox 111 496 304 553; x_wconf 75' lang='lat' dir='ltr'><em>Excepit.</em></span> <span class='ocrx_word' id='word_1_35' title='bbox 335 496 438 540; x_wconf 89' lang='lat' dir='ltr'>MS.</span> <span class='ocrx_word' id='word_1_36' title='bbox 458 496 594 539; x_wconf 86' lang='lat' dir='ltr'>Vatic.</span> <span class='ocrx_word' id='word_1_37' title='bbox 616 502 743 545; x_wconf 79' lang='lat'>3429.</span> <span class='ocrx_word' id='word_1_38' title='bbox 772 497 936 554; x_wconf 74' lang='lat' dir='ltr'>excipit.</span> 
     </span>
    </p>

    <p class='ocr_par' dir='ltr' id='par_1_4' title="bbox 106 569 1583 622">
     <span class='ocr_line' id='line_1_6' title="bbox 106 569 1583 622; baseline 0.001 -8"><span class='ocrx_word' id='word_1_39' title='bbox 106 571 172 614; x_wconf 83' lang='lat' dir='ltr'>At</span> <span class='ocrx_word' id='word_1_40' title='bbox 190 586 312 614; x_wconf 54' lang='lat' dir='ltr'>stunc.</span> <span class='ocrx_word' id='word_1_41' title='bbox 372 570 487 613; x_wconf 74' lang='lat' dir='ltr'>Bene</span> <span class='ocrx_word' id='word_1_42' title='bbox 510 569 744 612; x_wconf 82' lang='lat' dir='ltr'>Rhenanus.</span> <span class='ocrx_word' id='word_1_43' title='bbox 804 569 854 612; x_wconf 88' lang='lat' dir='ltr'>In</span> <span class='ocrx_word' id='word_1_44' title='bbox 885 570 1087 614; x_wconf 86' lang='lat' dir='ltr'>veteribus</span> <span class='ocrx_word' id='word_1_45' title='bbox 1105 571 1364 622; x_wconf 79' lang='lat' dir='ltr'>editionibus,</span> <span class='ocrx_word' id='word_1_46' title='bbox 1392 587 1442 614; x_wconf 85' lang='lat' dir='ltr'>ac</span> <span class='ocrx_word' id='word_1_47' title='bbox 1460 588 1583 616; x_wconf 78' lang='lat' dir='ltr'>nunc.</span> 
     </span>
    </p>

    <p class='ocr_par' dir='ltr' id='par_1_5' title="bbox 46 643 1625 772">
     <span class='ocr_line' id='line_1_7' title="bbox 108 643 1625 701; baseline 0.002 -14"><span class='ocrx_word' id='word_1_48' title='bbox 108 644 187 688; x_wconf 82' lang='lat' dir='ltr'>Tot</span> <span class='ocrx_word' id='word_1_49' title='bbox 204 644 399 688; x_wconf 79' lang='lat' dir='ltr'>millibus.</span> <span class='ocrx_word' id='word_1_50' title='bbox 460 643 524 687; x_wconf 84' lang='lat' dir='ltr'>Ita</span> <span class='ocrx_word' id='word_1_51' title='bbox 544 643 668 687; x_wconf 87' lang='lat' dir='ltr'>editio</span> <span class='ocrx_word' id='word_1_52' title='bbox 687 645 878 701; x_wconf 88' lang='lat' dir='ltr'>princeps</span> <span class='ocrx_word' id='word_1_53' title='bbox 896 655 936 688; x_wconf 88' lang='lat' dir='ltr'>et</span> <span class='ocrx_word' id='word_1_54' title='bbox 952 646 1210 690; x_wconf 78' lang='lat' dir='ltr'>recentiores.</span> <span class='ocrx_word' id='word_1_55' title='bbox 1270 646 1390 688; x_wconf 71' lang='lat' dir='ltr'>Male</span> <span class='ocrx_word' id='word_1_56' title='bbox 1412 646 1587 690; x_wconf 79' lang='lat' dir='ltr'>Beroal·</span> <span class='ocrx_word' id='word_1_57' title='bbox 1622 692 1625 695; x_wconf 78' lang='grc'>,</span> 
     </span>
     <span class='ocr_line' id='line_1_8' title="bbox 46 719 464 772; baseline 0 -11"><span class='ocrx_word' id='word_1_58' title='bbox 46 719 140 772; x_wconf 83' lang='lat' dir='ltr'>dus,</span> <span class='ocrx_word' id='word_1_59' title='bbox 172 727 230 763; x_wconf 82' lang='lat' dir='ltr'>tot</span> <span class='ocrx_word' id='word_1_60' title='bbox 250 719 464 763; x_wconf 71' lang='lat' dir='ltr'>militibus.</span> 
     </span>
    </p>

    <p class='ocr_par' dir='ltr' id='par_1_6' title="bbox 46 792 1583 925">
     <span class='ocr_line' id='line_1_9' title="bbox 107 792 1583 850; baseline 0.001 -14"><span class='ocrx_word' id='word_1_61' title='bbox 107 794 233 837; x_wconf 84' lang='lat' dir='ltr'>Alius</span> <span class='ocrx_word' id='word_1_62' title='bbox 269 801 496 850; x_wconf 79' lang='lat' dir='ltr'>occuparet.</span> <span class='ocrx_word' id='word_1_63' title='bbox 556 792 723 835; x_wconf 84' lang='lat' dir='ltr'>Frustra</span> <span class='ocrx_word' id='word_1_64' title='bbox 761 802 887 836; x_wconf 85' lang='lat' dir='ltr'>tentat</span> <span class='ocrx_word' id='word_1_65' title='bbox 921 792 1102 850; x_wconf 86' lang='lat' dir='ltr'>Lipsius,</span> <span class='ocrx_word' id='word_1_66' title='bbox 1151 794 1278 837; x_wconf 72' lang='grc' dir='ltr'><em>αῖίἱιὶε</em></span> <span class='ocrx_word' id='word_1_67' title='bbox 1314 794 1375 839; x_wconf 88' lang='lat' dir='ltr'>vel</span> <span class='ocrx_word' id='word_1_68' title='bbox 1428 794 1583 838; x_wconf 63' lang='lat' dir='ltr'>arctizls</span> 
     </span>
     <span class='ocr_line' id='line_1_10' title="bbox 46 864 1225 925; baseline 0 -15"><span class='ocrx_word' id='word_1_69' title='bbox 46 875 279 925; x_wconf 81' lang='lat' dir='ltr'>occuparet.</span> <span class='ocrx_word' id='word_1_70' title='bbox 338 867 546 910; x_wconf 88' lang='lat' dir='ltr'>Pichenus</span> <span class='ocrx_word' id='word_1_71' title='bbox 563 867 658 909; x_wconf 91' lang='lat' dir='ltr'>huic</span> <span class='ocrx_word' id='word_1_72' title='bbox 679 867 950 910; x_wconf 80' lang='lat' dir='ltr'>emendationi</span> <span class='ocrx_word' id='word_1_73' title='bbox 970 864 1225 924; x_wconf 83' lang='lat' dir='ltr'>suffragatur.</span> 
     </span>
    </p>

    <p class='ocr_par' dir='ltr' id='par_1_7' title="bbox 110 940 1380 1000">
     <span class='ocr_line' id='line_1_11' title="bbox 110 940 1380 1000; baseline 0.001 -16"><span class='ocrx_word' id='word_1_74' title='bbox 110 941 336 999; x_wconf 79' lang='lat' dir='ltr'>Utcumque</span> <span class='ocrx_word' id='word_1_75' title='bbox 337 940 534 1000; x_wconf 58' lang='lat' dir='ltr'>sacilids.</span> <span class='ocrx_word' id='word_1_76' title='bbox 595 940 780 984; x_wconf 56' lang='lat' dir='ltr'>Facilius</span> <span class='ocrx_word' id='word_1_77' title='bbox 809 941 1006 984; x_wconf 87' lang='lat' dir='ltr'>omissum</span> <span class='ocrx_word' id='word_1_78' title='bbox 1025 942 1147 984; x_wconf 90' lang='lat' dir='ltr'>vellet</span> <span class='ocrx_word' id='word_1_79' title='bbox 1168 942 1380 986; x_wconf 70' lang='lat' dir='ltr'>Emestus.</span> 
     </span>
    </p>

    <p class='ocr_par' dir='ltr' id='par_1_8' title="bbox 107 1015 1087 1067">
     <span class='ocr_line' id='line_1_12' title="bbox 107 1015 1087 1067; baseline -0.002 -7"><span class='ocrx_word' id='word_1_80' title='bbox 107 1016 254 1060; x_wconf 73' lang='lat' dir='ltr'>Etiam</span> <span class='ocrx_word' id='word_1_81' title='bbox 275 1024 375 1059; x_wconf 75' lang='lat' dir='ltr'>tum.</span> <span class='ocrx_word' id='word_1_82' title='bbox 435 1016 590 1059; x_wconf 83' lang='lat' dir='ltr'>Mallet</span> <span class='ocrx_word' id='word_1_83' title='bbox 610 1015 823 1067; x_wconf 85' lang='lat' dir='ltr'>Ernestus,</span> <span class='ocrx_word' id='word_1_84' title='bbox 853 1016 1087 1059; x_wconf 85' lang='lat' dir='ltr'>etiamnum.</span> 
     </span>
    </p>
   </div>
   <div class='ocr_carea' id='block_1_3' title="bbox 45 1170 1578 1452">
    <p class='ocr_par' dir='ltr' id='par_1_9' title="bbox 45 1170 1578 1378">
     <span class='ocr_line' id='line_1_13' title="bbox 107 1170 1578 1230; baseline -0.002 -14"><span class='ocrx_word' id='word_1_85' title='bbox 107 1172 228 1216; x_wconf 81' lang='lat' dir='ltr'>CAP.</span> <span class='ocrx_word' id='word_1_86' title='bbox 247 1179 318 1216; x_wconf 80' lang='lat'>40.</span> <span class='ocrx_word' id='word_1_87' title='bbox 350 1171 545 1230; x_wconf 82' lang='lat' dir='ltr'>Addique</span> <span class='ocrx_word' id='word_1_88' title='bbox 568 1172 743 1228; x_wconf 81' lang='lat' dir='ltr'>insuper.</span> <span class='ocrx_word' id='word_1_89' title='bbox 804 1170 921 1213; x_wconf 73' lang='lat' dir='ltr'>Bene</span> <span class='ocrx_word' id='word_1_90' title='bbox 956 1170 1165 1223; x_wconf 74' lang='lat' dir='ltr'>Muretus,</span> <span class='ocrx_word' id='word_1_91' title='bbox 1195 1170 1403 1230; x_wconf 82' lang='lat' dir='ltr'>additque.</span> <span class='ocrx_word' id='word_1_92' title='bbox 1461 1170 1578 1213; x_wconf 86' lang='lat' dir='ltr'>Reti-</span> 
     </span>
     <span class='ocr_line' id='line_1_14' title="bbox 45 1244 1576 1303; baseline -0.001 -13"><span class='ocrx_word' id='word_1_93' title='bbox 45 1247 134 1290; x_wconf 75' lang='lat' dir='ltr'>neri</span> <span class='ocrx_word' id='word_1_94' title='bbox 151 1255 286 1290; x_wconf 85' lang='lat' dir='ltr'>tamen</span> <span class='ocrx_word' id='word_1_95' title='bbox 300 1255 438 1303; x_wconf 83' lang='lat' dir='ltr'>potest</span> <span class='ocrx_word' id='word_1_96' title='bbox 455 1246 617 1303; x_wconf 82' lang='lat' dir='ltr'>vulgata</span> <span class='ocrx_word' id='word_1_97' title='bbox 635 1246 847 1302; x_wconf 85' lang='lat' dir='ltr'>scriptura.</span> <span class='ocrx_word' id='word_1_98' title='bbox 893 1245 974 1287; x_wconf 85' lang='lat' dir='ltr'>Vix</span> <span class='ocrx_word' id='word_1_99' title='bbox 994 1254 1055 1288; x_wconf 89' lang='lat' dir='ltr'>est</span> <span class='ocrx_word' id='word_1_100' title='bbox 1074 1245 1258 1299; x_wconf 82' lang='lat' dir='ltr'>dubium,</span> <span class='ocrx_word' id='word_1_101' title='bbox 1288 1245 1386 1303; x_wconf 85' lang='lat' dir='ltr'>quin</span> <span class='ocrx_word' id='word_1_102' title='bbox 1403 1244 1576 1289; x_wconf 77' lang='lat' dir='ltr'>Tacitus</span> 
     </span>
     <span class='ocr_line' id='line_1_15' title="bbox 47 1320 1048 1378; baseline -0.004 -14"><span class='ocrx_word' id='word_1_103' title='bbox 47 1320 108 1365; x_wconf 81' lang='lat' dir='ltr'>sic</span> <span class='ocrx_word' id='word_1_104' title='bbox 139 1321 356 1378; x_wconf 84' lang='lat' dir='ltr'>scripserit.</span> <span class='ocrx_word' id='word_1_105' title='bbox 419 1320 523 1363; x_wconf 83' lang='lat' dir='ltr'>Vide</span> <span class='ocrx_word' id='word_1_106' title='bbox 557 1320 686 1364; x_wconf 90' lang='lat' dir='ltr'>Misc.</span> <span class='ocrx_word' id='word_1_107' title='bbox 709 1321 817 1363; x_wconf 83' lang='lat' dir='ltr'>Obs.</span> <span class='ocrx_word' id='word_1_108' title='bbox 849 1333 919 1361; x_wconf 77' lang='lat' dir='ltr'>xx.</span> <span class='ocrx_word' id='word_1_109' title='bbox 950 1325 1048 1367; x_wconf 82' lang='lat'>370.</span> 
     </span>
    </p>

    <p class='ocr_par' dir='ltr' id='par_1_10' title="bbox 104 1392 1577 1452">
     <span class='ocr_line' id='line_1_16' title="bbox 104 1392 1577 1452; baseline -0.001 -14"><span class='ocrx_word' id='word_1_110' title='bbox 104 1392 363 1452; x_wconf 79' lang='lat' dir='ltr'>Praeceptum</span> <span class='ocrx_word' id='word_1_111' title='bbox 384 1402 487 1438; x_wconf 82' lang='lat' dir='ltr'>erat.</span> <span class='ocrx_word' id='word_1_112' title='bbox 546 1393 611 1438; x_wconf 85' lang='lat' dir='ltr'>Ita</span> <span class='ocrx_word' id='word_1_113' title='bbox 631 1403 784 1437; x_wconf 88' lang='lat' dir='ltr'>veteres</span> <span class='ocrx_word' id='word_1_114' title='bbox 803 1403 845 1436; x_wconf 88' lang='lat' dir='ltr'>et</span> <span class='ocrx_word' id='word_1_115' title='bbox 864 1393 1106 1436; x_wconf 86' lang='lat' dir='ltr'>recentiores</span> <span class='ocrx_word' id='word_1_116' title='bbox 1125 1393 1332 1438; x_wconf 79' lang='lat' dir='ltr'>editiones.</span> <span class='ocrx_word' id='word_1_117' title='bbox 1362 1392 1414 1437; x_wconf 90' lang='lat' dir='ltr'>In</span> <span class='ocrx_word' id='word_1_118' title='bbox 1432 1393 1577 1438; x_wconf 86' lang='lat' dir='ltr'>mediis</span> 
     </span>
    </p>
   </div>
   <div class='ocr_carea' id='block_1_4' title="bbox 44 1468 657 1527">
    <p class='ocr_par' dir='ltr' id='par_1_11' title="bbox 44 1468 657 1527">
     <span class='ocr_line' id='line_1_17' title="bbox 44 1468 657 1527; baseline -0.002 -16"><span class='ocrx_word' id='word_1_119' title='bbox 44 1468 292 1527; x_wconf 81' lang='lat' dir='ltr'>quibusdam</span> <span class='ocrx_word' id='word_1_120' title='bbox 312 1470 521 1523; x_wconf 63' lang='lat' dir='ltr'>omissum,</span> <span class='ocrx_word' id='word_1_121' title='bbox 550 1475 657 1513; x_wconf 80' lang='lat' dir='ltr'>erat.</span> 
     </span>
    </p>
   </div>
   <div class='ocr_carea' id='block_1_5' title="bbox 42 1621 1591 2351">
    <p class='ocr_par' dir='ltr' id='par_1_12' title="bbox 45 1621 1575 1831">
     <span class='ocr_line' id='line_1_18' title="bbox 103 1621 1574 1683; baseline -0.001 -16"><span class='ocrx_word' id='word_1_122' title='bbox 103 1623 223 1670; x_wconf 68' lang='lat' dir='ltr'>Cn.</span> <span class='ocrx_word' id='word_1_123' title='bbox 243 1632 314 1668; x_wconf 87' lang='lat'>41.</span> <span class='ocrx_word' id='word_1_124' title='bbox 344 1623 661 1683; x_wconf 71' lang='lat' dir='ltr'>Pannoniiiqne.</span> <span class='ocrx_word' id='word_1_125' title='bbox 721 1623 771 1665; x_wconf 90' lang='lat' dir='ltr'>In</span> <span class='ocrx_word' id='word_1_126' title='bbox 808 1623 910 1666; x_wconf 88' lang='lat' dir='ltr'>MS.</span> <span class='ocrx_word' id='word_1_127' title='bbox 930 1622 1066 1666; x_wconf 80' lang='lat' dir='ltr'>vatic.</span> <span class='ocrx_word' id='word_1_128' title='bbox 1101 1628 1229 1671; x_wconf 75' lang='lat'>3429.</span> <span class='ocrx_word' id='word_1_129' title='bbox 1263 1630 1300 1666; x_wconf 78' lang='lat' dir='ltr'>et</span> <span class='ocrx_word' id='word_1_130' title='bbox 1335 1621 1574 1667; x_wconf 68' lang='lat' dir='ltr'>Pannonia.</span> 
     </span>
     <span class='ocr_line' id='line_1_19' title="bbox 49 1695 1575 1756; baseline -0.002 -14"><span class='ocrx_word' id='word_1_131' title='bbox 49 1696 206 1742; x_wconf 80' lang='lat' dir='ltr'>Durius</span> <span class='ocrx_word' id='word_1_132' title='bbox 226 1699 351 1752; x_wconf 73' lang='lat' dir='ltr'>certe,</span> <span class='ocrx_word' id='word_1_133' title='bbox 379 1714 455 1741; x_wconf 89' lang='lat' dir='ltr'>nec</span> <span class='ocrx_word' id='word_1_134' title='bbox 484 1714 535 1740; x_wconf 83' lang='lat' dir='ltr'>ex</span> <span class='ocrx_word' id='word_1_135' title='bbox 553 1697 694 1741; x_wconf 87' lang='lat' dir='ltr'>Taciti</span> <span class='ocrx_word' id='word_1_136' title='bbox 713 1712 843 1748; x_wconf 86' lang='lat' dir='ltr'>more,</span> <span class='ocrx_word' id='word_1_137' title='bbox 875 1697 919 1739; x_wconf 81' lang='lat' dir='ltr'>in</span> <span class='ocrx_word' id='word_1_138' title='bbox 938 1695 1105 1751; x_wconf 64' lang='lat' dir='ltr'>Maesia,</span> <span class='ocrx_word' id='word_1_139' title='bbox 1134 1695 1368 1756; x_wconf 72' lang='lat' dir='ltr'>Dacidque,</span> <span class='ocrx_word' id='word_1_140' title='bbox 1396 1704 1435 1741; x_wconf 77' lang='lat' dir='ltr'>et</span> <span class='ocrx_word' id='word_1_141' title='bbox 1468 1696 1575 1742; x_wconf 86' lang='lat' dir='ltr'>Ger-</span> 
     </span>
     <span class='ocr_line' id='line_1_20' title="bbox 45 1770 521 1831; baseline 0 -17"><span class='ocrx_word' id='word_1_142' title='bbox 45 1771 188 1814; x_wconf 60' lang='lat' dir='ltr'>manici</span> <span class='ocrx_word' id='word_1_143' title='bbox 208 1770 521 1831; x_wconf 59' lang='lat' dir='ltr'>Pannoniaque.</span> 
     </span>
    </p>

    <p class='ocr_par' dir='ltr' id='par_1_13' title="bbox 46 1843 1573 2036">
     <span class='ocr_line' id='line_1_21' title="bbox 105 1843 1572 1902; baseline 0.001 -14"><span class='ocrx_word' id='word_1_144' title='bbox 105 1845 184 1888; x_wconf 86' lang='lat' dir='ltr'>Tot</span> <span class='ocrx_word' id='word_1_145' title='bbox 213 1846 416 1890; x_wconf 77' lang='lat' dir='ltr'>militares</span> <span class='ocrx_word' id='word_1_146' title='bbox 445 1844 540 1890; x_wconf 80' lang='lat' dir='ltr'>viri.</span> <span class='ocrx_word' id='word_1_147' title='bbox 599 1843 719 1889; x_wconf 71' lang='lat' dir='ltr'>Male</span> <span class='ocrx_word' id='word_1_148' title='bbox 765 1853 894 1888; x_wconf 87' lang='lat' dir='ltr'>tentat</span> <span class='ocrx_word' id='word_1_149' title='bbox 935 1844 1117 1902; x_wconf 82' lang='lat' dir='ltr'>Lipsius,</span> <span class='ocrx_word' id='word_1_150' title='bbox 1157 1844 1355 1888; x_wconf 72' lang='lat' dir='ltr'>militam</span> <span class='ocrx_word' id='word_1_151' title='bbox 1386 1844 1572 1890; x_wconf 71' lang='lat' dir='ltr'>numeri.-</span> 
     </span>
     <span class='ocr_line' id='line_1_22' title="bbox 46 1918 1573 1975; baseline 0.001 -14"><span class='ocrx_word' id='word_1_152' title='bbox 46 1919 300 1973; x_wconf 78' lang='lat' dir='ltr'>Gronovius,</span> <span class='ocrx_word' id='word_1_153' title='bbox 331 1920 424 1962; x_wconf 80' lang='lat' dir='ltr'>vici.</span> <span class='ocrx_word' id='word_1_154' title='bbox 484 1918 672 1962; x_wconf 80' lang='lat' dir='ltr'>Corbulo</span> <span class='ocrx_word' id='word_1_155' title='bbox 706 1921 773 1962; x_wconf 78' lang='lat' dir='ltr'>vir</span> <span class='ocrx_word' id='word_1_156' title='bbox 806 1918 1001 1962; x_wconf 80' lang='lat' dir='ltr'>militaris</span> <span class='ocrx_word' id='word_1_157' title='bbox 1029 1919 1162 1962; x_wconf 88' lang='lat' dir='ltr'>dictus</span> <span class='ocrx_word' id='word_1_158' title='bbox 1195 1927 1256 1961; x_wconf 89' lang='lat' dir='ltr'>est</span> <span class='ocrx_word' id='word_1_159' title='bbox 1280 1935 1404 1975; x_wconf 82' lang='lat' dir='ltr'>supra</span> <span class='ocrx_word' id='word_1_160' title='bbox 1421 1918 1573 1962; x_wconf 84' lang='lat' dir='ltr'>Annal.</span> 
     </span>
     <span class='ocr_line' id='line_1_23' title="bbox 46 1994 228 2036; baseline -0.005 0"><span class='ocrx_word' id='word_1_161' title='bbox 46 2005 127 2036; x_wconf 84' lang='lat' dir='ltr'>xv.</span> <span class='ocrx_word' id='word_1_162' title='bbox 157 1994 228 2036; x_wconf 73' lang='lat'>26.</span> 
     </span>
    </p>

    <p class='ocr_par' dir='ltr' id='par_1_14' title="bbox 42 2065 1591 2351">
     <span class='ocr_line' id='line_1_24' title="bbox 104 2065 1571 2125; baseline -0.001 -16"><span class='ocrx_word' id='word_1_163' title='bbox 104 2065 210 2110; x_wconf 83' lang='lat' dir='ltr'>Cum</span> <span class='ocrx_word' id='word_1_164' title='bbox 230 2066 381 2110; x_wconf 65' lang='lat' dir='ltr'>inerti&amp;</span> <span class='ocrx_word' id='word_1_165' title='bbox 400 2074 438 2109; x_wconf 84' lang='lat' dir='ltr'>et</span> <span class='ocrx_word' id='word_1_166' title='bbox 442 2066 690 2125; x_wconf 79' lang='lat' dir='ltr'>formidine.</span> <span class='ocrx_word' id='word_1_167' title='bbox 749 2065 816 2109; x_wconf 88' lang='lat' dir='ltr'>Ita</span> <span class='ocrx_word' id='word_1_168' title='bbox 849 2066 986 2109; x_wconf 85' lang='lat' dir='ltr'>MSS.</span> <span class='ocrx_word' id='word_1_169' title='bbox 1006 2067 1140 2110; x_wconf 85' lang='lat' dir='ltr'>Vatic.</span> <span class='ocrx_word' id='word_1_170' title='bbox 1200 2068 1283 2109; x_wconf 91' lang='lat' dir='ltr'>Sed</span> <span class='ocrx_word' id='word_1_171' title='bbox 1316 2067 1357 2109; x_wconf 89' lang='lat' dir='ltr'>in</span> <span class='ocrx_word' id='word_1_172' title='bbox 1389 2066 1571 2122; x_wconf 77' lang='lat' dir='ltr'>margine</span> 
     </span>
     <span class='ocr_line' id='line_1_25' title="bbox 44 2139 1570 2200; baseline -0.001 -16"><span class='ocrx_word' id='word_1_173' title='bbox 44 2141 149 2185; x_wconf 88' lang='lat' dir='ltr'>MS.</span> <span class='ocrx_word' id='word_1_174' title='bbox 182 2142 316 2185; x_wconf 91' lang='lat' dir='ltr'>Vatic.</span> <span class='ocrx_word' id='word_1_175' title='bbox 354 2148 483 2190; x_wconf 74' lang='lat'>3429.</span> <span class='ocrx_word' id='word_1_176' title='bbox 524 2150 723 2193; x_wconf 86' lang='lat' dir='ltr'>notatum,</span> <span class='ocrx_word' id='word_1_177' title='bbox 767 2141 876 2183; x_wconf 78' lang='lat' dir='ltr'>alius</span> <span class='ocrx_word' id='word_1_178' title='bbox 905 2142 1043 2194; x_wconf 87' lang='lat' dir='ltr'>habet,</span> <span class='ocrx_word' id='word_1_179' title='bbox 1071 2141 1231 2184; x_wconf 78' lang='lat' dir='ltr'>inertia:</span> <span class='ocrx_word' id='word_1_180' title='bbox 1265 2148 1304 2183; x_wconf 76' lang='lat' dir='ltr'>et</span> <span class='ocrx_word' id='word_1_181' title='bbox 1324 2139 1570 2200; x_wconf 67' lang='lat' dir='ltr'>formidini.</span> 
     </span>
     <span class='ocr_line' id='line_1_26' title="bbox 44 2213 1591 2272; baseline -0.002 -13"><span class='ocrx_word' id='word_1_182' title='bbox 44 2214 155 2259; x_wconf 85' lang='lat' dir='ltr'>Mox</span> <span class='ocrx_word' id='word_1_183' title='bbox 176 2231 252 2272; x_wconf 91' lang='lat' dir='ltr'>pro</span> <span class='ocrx_word' id='word_1_184' title='bbox 285 2231 422 2259; x_wconf 87' lang='lat' dir='ltr'>eorum</span> <span class='ocrx_word' id='word_1_185' title='bbox 451 2215 626 2258; x_wconf 87' lang='lat' dir='ltr'>Grotius</span> <span class='ocrx_word' id='word_1_186' title='bbox 644 2216 887 2257; x_wconf 85' lang='lat' dir='ltr'>emendabat</span> <span class='ocrx_word' id='word_1_187' title='bbox 917 2221 1168 2259; x_wconf 81' lang='lat' dir='ltr'>ceterorum:</span> <span class='ocrx_word' id='word_1_188' title='bbox 1198 2230 1280 2256; x_wconf 88' lang='lat' dir='ltr'>non</span> <span class='ocrx_word' id='word_1_189' title='bbox 1310 2215 1366 2256; x_wconf 90' lang='lat' dir='ltr'>ita</span> <span class='ocrx_word' id='word_1_190' title='bbox 1397 2213 1591 2257; x_wconf 85' lang='lat' dir='ltr'>feliciter-</span> 
     </span>
     <span class='ocr_line' id='line_1_27' title="bbox 42 2289 489 2351; baseline -0.002 -19"><span class='ocrx_word' id='word_1_191' title='bbox 42 2289 258 2351; x_wconf 80' lang='lat' dir='ltr'>Ernestus,</span> <span class='ocrx_word' id='word_1_192' title='bbox 287 2305 489 2333; x_wconf 72' lang='lat' dir='ltr'>casarum.</span> 
     </span>
    </p>
   </div>
   <div class='ocr_carea' id='block_1_6' title="bbox 40 2439 1567 2865">
    <p class='ocr_par' dir='ltr' id='par_1_15' title="bbox 40 2439 1567 2719">
     <span class='ocr_line' id='line_1_28' title="bbox 100 2439 1567 2500; baseline 0 -16"><span class='ocrx_word' id='word_1_193' title='bbox 100 2439 220 2484; x_wconf 74' lang='lat' dir='ltr'>CAP.</span> <span class='ocrx_word' id='word_1_194' title='bbox 240 2447 311 2484; x_wconf 78' lang='lat'>42.</span> <span class='ocrx_word' id='word_1_195' title='bbox 342 2442 454 2485; x_wconf 69' lang='lat' dir='ltr'>Asia</span> <span class='ocrx_word' id='word_1_196' title='bbox 483 2449 524 2485; x_wconf 82' lang='lat' dir='ltr'>et</span> <span class='ocrx_word' id='word_1_197' title='bbox 545 2442 718 2500; x_wconf 68' lang='lat' dir='ltr'>Africa.</span> <span class='ocrx_word' id='word_1_198' title='bbox 779 2441 931 2484; x_wconf 83' lang='lat' dir='ltr'>Mallet</span> <span class='ocrx_word' id='word_1_199' title='bbox 951 2440 1128 2497; x_wconf 80' lang='lat' dir='ltr'>Lipsius,</span> <span class='ocrx_word' id='word_1_200' title='bbox 1160 2440 1271 2484; x_wconf 78' lang='lat' dir='ltr'>Asiae</span> <span class='ocrx_word' id='word_1_201' title='bbox 1301 2447 1376 2484; x_wconf 77' lang='lat' dir='ltr'>aut</span> <span class='ocrx_word' id='word_1_202' title='bbox 1394 2439 1567 2498; x_wconf 80' lang='lat' dir='ltr'>Africoe.</span> 
     </span>
     <span class='ocr_line' id='line_1_29' title="bbox 40 2513 1567 2571; baseline 0 -13"><span class='ocrx_word' id='word_1_203' title='bbox 40 2514 261 2571; x_wconf 86' lang='lat' dir='ltr'>Vulgatam</span> <span class='ocrx_word' id='word_1_204' title='bbox 290 2515 533 2571; x_wconf 85' lang='lat' dir='ltr'>scripturam</span> <span class='ocrx_word' id='word_1_205' title='bbox 563 2516 743 2558; x_wconf 89' lang='lat' dir='ltr'>defendit</span> <span class='ocrx_word' id='word_1_206' title='bbox 774 2516 1019 2558; x_wconf 61' lang='lat' dir='ltr'>BIercerus:</span> <span class='ocrx_word' id='word_1_207' title='bbox 1076 2530 1152 2556; x_wconf 88' lang='lat' dir='ltr'>nec</span> <span class='ocrx_word' id='word_1_208' title='bbox 1196 2513 1414 2565; x_wconf 73' lang='lat' dir='ltr'>immerito,</span> <span class='ocrx_word' id='word_1_209' title='bbox 1471 2528 1567 2558; x_wconf 84' lang='lat' dir='ltr'>nam</span> 
     </span>
     <span class='ocr_line' id='line_1_30' title="bbox 40 2588 1566 2643; baseline 0.001 -13"><span class='ocrx_word' id='word_1_210' title='bbox 40 2588 184 2631; x_wconf 81' lang='lat' dir='ltr'>Asiam</span> <span class='ocrx_word' id='word_1_211' title='bbox 204 2597 246 2631; x_wconf 88' lang='lat' dir='ltr'>et</span> <span class='ocrx_word' id='word_1_212' title='bbox 263 2589 450 2631; x_wconf 87' lang='lat' dir='ltr'>Africam</span> <span class='ocrx_word' id='word_1_213' title='bbox 470 2589 618 2641; x_wconf 87' lang='lat' dir='ltr'>sortiri,</span> <span class='ocrx_word' id='word_1_214' title='bbox 647 2590 717 2642; x_wconf 88' lang='lat' dir='ltr'>ait,</span> <span class='ocrx_word' id='word_1_215' title='bbox 746 2590 854 2632; x_wconf 90' lang='lat' dir='ltr'>idem</span> <span class='ocrx_word' id='word_1_216' title='bbox 887 2604 989 2643; x_wconf 85' lang='lat' dir='ltr'>esse,</span> <span class='ocrx_word' id='word_1_217' title='bbox 1018 2604 1066 2631; x_wconf 89' lang='lat' dir='ltr'>ac</span> <span class='ocrx_word' id='word_1_218' title='bbox 1100 2596 1208 2631; x_wconf 84' lang='lat' dir='ltr'>sorte</span> <span class='ocrx_word' id='word_1_219' title='bbox 1240 2589 1402 2641; x_wconf 86' lang='lat' dir='ltr'>ducere,</span> <span class='ocrx_word' id='word_1_220' title='bbox 1431 2596 1566 2632; x_wconf 84' lang='lat' dir='ltr'>utram</span> 
     </span>
     <span class='ocr_line' id='line_1_31' title="bbox 40 2661 937 2719; baseline 0.001 -15"><span class='ocrx_word' id='word_1_221' title='bbox 40 2661 132 2719; x_wconf 80' lang='lat' dir='ltr'>quis</span> <span class='ocrx_word' id='word_1_222' title='bbox 150 2670 275 2717; x_wconf 86' lang='lat' dir='ltr'>regat.</span> <span class='ocrx_word' id='word_1_223' title='bbox 333 2662 440 2704; x_wconf 89' lang='lat' dir='ltr'>Vide</span> <span class='ocrx_word' id='word_1_224' title='bbox 462 2662 589 2704; x_wconf 89' lang='lat' dir='ltr'>Misc.</span> <span class='ocrx_word' id='word_1_225' title='bbox 607 2663 715 2705; x_wconf 88' lang='lat' dir='ltr'>Obs.</span> <span class='ocrx_word' id='word_1_226' title='bbox 737 2678 807 2705; x_wconf 75' lang='lat' dir='ltr'>lx.</span> <span class='ocrx_word' id='word_1_227' title='bbox 838 2668 937 2709; x_wconf 84' lang='lat'>871.</span> 
     </span>
    </p>

    <p class='ocr_par' dir='ltr' id='par_1_16' title="bbox 42 2734 1566 2865">
     <span class='ocr_line' id='line_1_32' title="bbox 100 2734 1566 2793; baseline 0 -15"><span class='ocrx_word' id='word_1_228' title='bbox 100 2734 199 2778; x_wconf 79' lang='lat' dir='ltr'>Non</span> <span class='ocrx_word' id='word_1_229' title='bbox 201 2736 302 2793; x_wconf 81' lang='lat' dir='ltr'>jam</span> <span class='ocrx_word' id='word_1_230' title='bbox 320 2735 494 2778; x_wconf 80' lang='lat' dir='ltr'>obscuri.</span> <span class='ocrx_word' id='word_1_231' title='bbox 553 2735 620 2778; x_wconf 85' lang='lat' dir='ltr'>Ita</span> <span class='ocrx_word' id='word_1_232' title='bbox 635 2735 853 2778; x_wconf 84' lang='lat' dir='ltr'>Rhenanus</span> <span class='ocrx_word' id='word_1_233' title='bbox 872 2744 914 2778; x_wconf 88' lang='lat' dir='ltr'>et</span> <span class='ocrx_word' id='word_1_234' title='bbox 931 2735 1187 2780; x_wconf 79' lang='lat' dir='ltr'>recentiores.</span> <span class='ocrx_word' id='word_1_235' title='bbox 1244 2734 1296 2778; x_wconf 87' lang='lat' dir='ltr'>In</span> <span class='ocrx_word' id='word_1_236' title='bbox 1311 2735 1414 2781; x_wconf 91' lang='lat' dir='ltr'>MS.</span> <span class='ocrx_word' id='word_1_237' title='bbox 1429 2734 1566 2779; x_wconf 84' lang='lat' dir='ltr'>Vatic.</span> 
     </span>
     <span class='ocr_line' id='line_1_33' title="bbox 42 2808 1145 2865; baseline 0.003 -15"><span class='ocrx_word' id='word_1_238' title='bbox 42 2814 169 2858; x_wconf 66' lang='lat'>8429.</span> <span class='ocrx_word' id='word_1_239' title='bbox 198 2817 239 2851; x_wconf 84' lang='lat' dir='ltr'>et</span> <span class='ocrx_word' id='word_1_240' title='bbox 253 2808 502 2851; x_wconf 82' lang='lat' dir='ltr'>editionibus</span> <span class='ocrx_word' id='word_1_241' title='bbox 521 2809 737 2865; x_wconf 82' lang='lat' dir='ltr'>veteribus,</span> <span class='ocrx_word' id='word_1_242' title='bbox 765 2825 849 2853; x_wconf 85' lang='lat' dir='ltr'>mm</span> <span class='ocrx_word' id='word_1_243' title='bbox 867 2816 953 2853; x_wconf 77' lang='lat' dir='ltr'>tam</span> <span class='ocrx_word' id='word_1_244' title='bbox 972 2808 1145 2853; x_wconf 76' lang='lat' dir='ltr'>obscuri.</span> 
     </span>
    </p>
   </div>
  </div>
 </body>
</html>
