1768 3236
99 203 101 206 ·
145 175 228 219 616
560 175 727 216 NOTAE
756 170 825 214 ET
853 174 1296 215 EMENDATIONES

151 287 286 323 tamen
318 294 395 336 pro
424 277 538 341 quod
568 279 783 335 scripsisse
815 277 949 338 quasi,
978 287 1021 322 et
1052 279 1111 323 sic
1143 278 1367 323 ostendisse
1381 277 1529 338 judicii
1545 279 1607 325 sui
1624 279 1698 327 ffln

152 368 242 396 esse
263 354 399 398 verba.
460 353 590 397 Misc.
612 355 720 398 Obs.
743 368 816 397 rx.
846 359 947 400 373.

216 505 337 549 ΟΑΡ.
358 510 428 550 45.
463 505 662 549 Clausum
681 505 822 547 armis.
881 504 986 548 MS.
1007 503 1293 554 Vatic.'3429.
1323 505 1478 549 clusum
1497 507 1638 551 amnis.
1674 552 1682 570 ,f
1707 533 1710 538 ·

215 580 432 623 Albanam
452 595 602 623 arcem.
662 579 727 623 lta
748 579 886 622 MSS.
906 585 1020 628 3429
1040 587 1081 622 et
1099 585 1227 628 4498.
1246 639 1250 641 ἡ
1287 579 1339 622 In
1372 580 1552 637 margine
1587 581 1692 626 MS.

154 654 291 697 Vatic.
313 660 441 703 3429.
463 654 656 707 additum,
686 654 794 697 alius
812 654 935 696 habet
955 653 1114 697 villam.
1174 652 1277 696 Inde
1311 654 1353 697 in
1387 656 1592 699 veteribus
1611 656 1698 700 edi*

152 729 350 781 tionibus,
384 728 598 772 Albanam
619 744 752 771 arcem
788 727 947 771 villam.
1007 728 1172 771 Frustra
1190 729 1290 784 ergo
1313 727 1497 772 Pichena
1513 729 1707 783 tentavit.-

158 803 372 847 Albanam
391 818 524 846 arcem
543 802 660 846 nulla
678 802 896 855 sententia,
924 802 994 852 &a
1053 802 1168 845 Nam
1189 802 1360 846 Tacitus
1378 805 1432 846 ab
1462 803 1510 846 iis
1543 798 1699 849 delato-

154 877 282 931 ribus,
313 877 383 934 qui
403 886 490 920 tum
513 877 679 920 minime
699 883 940 929 nocuerant,
970 876 1226 933 progreditur
1256 878 1309 919 ad
1341 877 1449 931 illos,
1480 878 1551 936 qui
1582 894 1699 923 inu-
1740 910 1744 917 -

156 951 254 996 ime.
315 952 424 995 Vide
446 951 574 995 Misc.
596 952 704 995 Obs.
728 965 798 993 ix.
819 956 919 997 373.

214 1026 319 1069 Jam
338 1034 424 1070 tum
445 1042 547 1070 reus.
607 1025 760 1069 Mallet
782 1024 1033 1077 Gronovius,
1063 1025 1188 1068 etiam
1207 1034 1294 1069 tum
1313 1040 1418 1069 reus.

217 1101 306 1144 Nos
321 1101 515 1145 Maurici
534 1100 777 1159 Rusticique
805 1100 927 1144 visus.
986 1098 1052 1143 Ita
1072 1099 1208 1144 MSS.
1228 1100 1361 1144 Vatic.
1380 1110 1422 1144 et
1438 1100 1534 1147 libri
1553 1117 1698 1149 omnes

154 1175 268 1219 editi.
326 1177 388 1219 At
420 1176 459 1218 in
494 1175 677 1233 margine
708 1174 811 1218 MS.
845 1163 981 1217 Vatic.
1015 1180 1144 1223 3429.
1175 1175 1389 1231 scriptum,
1426 1177 1532 1220 alius
1557 1177 1704 1232 habet,

156 1266 230 1294 nos
250 1250 511 1294 Mauricium
532 1249 828 1308 Rus-licumque
841 1249 1070 1292 divisimus.
1130 1248 1267 1303 Unde,
1297 1260 1343 1294 ut
1362 1266 1486 1308 supra
1513 1252 1556 1295 in
1585 1251 1696 1295 notis

156 1325 349 1379 diximus,
379 1325 675 1368 emendandum
695 1323 815 1367 nobis
835 1323 1006 1378 videtur,
1035 1340 1108 1368 nos
1135 1324 1382 1368 Mauricum
1400 1325 1697 1384 Rusticumque

157 1399 383 1443 divisimus.
444 1399 700 1456 Suffragatur
732 1397 921 1451 Ursinus,
965 1399 1034 1455 qui
1081 1398 1138 1442 ait
1173 1399 1231 1441 ita
1260 1399 1385 1443 fuisse
1421 1400 1621 1457 scriptum
1651 1400 1697 1444 in

157 1483 291 1517 vetere
322 1491 398 1518 suo
427 1474 584 1518 codice.
644 1471 766 1517 Male
798 1480 928 1515 tentat
959 1472 1187 1526 Acidalius,
1229 1489 1301 1517 nos
1329 1473 1520 1518 Maurici
1551 1474 1698 1519 Rusti*

158 1549 272 1607 cique
291 1549 466 1592 vidimus
486 1564 613 1592 casus.
672 1547 779 1590 Vide
799 1546 928 1590 Misc.
949 1547 1058 1591 obs.
1080 1562 1150 1590 ix.
1180 1553 1281 1594 374.

219 1622 436 1667 Subtraxit
454 1623 600 1667 oculos.
660 1620 765 1665 MS.
786 1621 922 1664 Vatic.
943 1627 1071 1671 3429.
1102 1622 1236 1665 oculos
1254 1637 1358 1665 suos.

221 1697 315 1744 Quo
328 1713 368 1740 se
389 1706 530 1741 contra
542 1695 759 1754 pudmem.
820 1693 1123 1752 BeneqLipsius
1149 1704 1191 1739 et
1212 1696 1422 1739 Ernestus.
1481 1695 1532 1739 In
1551 1694 1698 1739 veteri-

156 1773 234 1816 bus
252 1772 512 1824 editionibus,
540 1770 568 1814 ὰ
587 1787 681 1829 quo.

220 1846 429 1904 Filiaeque.
490 1846 606 1889 Bene
630 1844 850 1888 Rhenanus
870 1852 913 1886 et
932 1845 1189 1888 recentiores.
1248 1845 1390 1892 Quare
1423 1844 1510 1903 (jus
1535 1843 1696 1888 deleve-⁴·

158 1922 250 1974 rint,
280 1937 363 1964 non
385 1921 516 1963 video.
578 1920 655 1963 Est
686 1919 796 1962 enim
831 1935 964 1962 sermo
996 1920 1047 1962 de
1078 1919 1166 1962 filis
1187 1918 1410 1975 Agricolae,
1439 1918 1578 1962 Taciti
1595 1934 1695 1962 cou-

147 1997 264 2055 juge.
324 1995 374 2038 In
393 1995 597 2039 veteribus
619 1994 880 2045 editionibus,
894 1994 1074 2052 filioque
1100 1995 1198 2052 ejus.
1259 1992 1362 2036 MS.
1399 1992 1532 2035 Vatic.
1563 1998 1694 2043 3429.

141 2071 331 2129 filiaeque
349 2071 447 2128 ejus.
509 2069 692 2112 Pichena
713 2084 790 2124 pro
808 2084 894 2126 ejus
909 2068 1047 2111 scribit
1066 2075 1154 2111 tua.
1213 2068 1274 2111 At
1293 2083 1428 2110 sermo
1448 2077 1511 2110 est
1542 2069 1594 2111 ad
1610 2067 1696 2112 lec-

157 2154 303 2189 torem.
363 2145 470 2188 Vide
490 2143 619 2187 Misc.
636 2144 742 2186 obs.
767 2158 836 2185 ix.
867 2148 966 2189 374.

217 2218 459 2277 Complexu.
518 2218 622 2261 MS.
644 2217 779 2260 Vatic.
802 2223 931 2265 3429.
961 2215 1258 2274 complexuque.

217 2293 521 2351 Excepissemus
540 2291 656 2335 cert&-
717 2291 834 2335 Bene
857 2292 1040 2334 Pichena
1060 2300 1102 2334 et
1120 2289 1377 2333 recentiores.
1419 2289 1471 2333 In
1489 2289 1692 2336 veteribus

157 2368 417 2421 editionibus,
447 2367 693 2424 excepissem.

219 2441 384 2499 Optime
395 2448 631 2499 parentum.
690 2440 757 2484 Ita
775 2440 901 2501 editio
922 2440 1111 2496 princeps
1137 2446 1180 2482 et
1199 2439 1458 2483 recentiores.
1519 2437 1692 2482 Beroal-

157 2517 247 2569 dus,
277 2514 447 2572 optinui.

219 2589 476 2648 Compositus
504 2604 557 2632 es.
617 2588 755 2632 MSS.
790 2587 926 2632 Vatic.
957 2594 1073 2637 3429
1113 2597 1154 2630 et
1184 2593 1313 2636 4498.
1343 2585 1614 2644 comploratus
1638 2601 1694 2632 a.

157 2663 218 2710 At
235 2664 277 2707 in
296 2662 477 2719 margine
499 2662 603 2706 MS.
623 2662 760 2705 Vatic.
781 2668 910 2710 3429.
931 2663 1170 2721 compositus
1190 2677 1242 2704 es.
1273 2662 1343 2705 Sic
1361 2677 1522 2720 quoque
1540 2661 1693 2705 habent

158 2737 250 2783 libri
269 2753 411 2786 ornnes
428 2736 540 2782 editi.
1677 2760 1683 2765 -

218 2879 289 2923 CA
299 2892 340 2921 1>-
355 2879 425 2923 46.
459 2877 639 2937 Nosque,
671 2877 834 2929 domum
864 2884 993 2920 tuam.
1053 2875 1172 2919 Bene
1203 2883 1357 2919 veteres
1388 2883 1430 2919 et
1449 2873 1693 2928 recentiores

157 2952 372 3012 editiones·
428 2951 595 3010 Copula
611 2967 689 3011 que
707 2953 750 2996 in
766 2951 912 2995 mediis
932 2949 1174 3014 quibusdam
1193 2949 1357 2993 omissa.
