1768 3236
16 502 23 505 t
60 458 241 508 amiSSl:

0 2348 3 2352 f
67 2328 151 2364 nius
173 2327 214 2365 in
244 2328 482 2372 Domitiano,
505 2339 561 2363 vr.
592 2327 672 2363 Nos
698 2338 793 2375 quo-

678 195 978 235 AGRICOLA.
1527 193 1603 233 125

59 304 214 355 colam
247 319 344 351 non
382 301 610 350 sinerent:
646 311 715 349 tot
749 299 980 348 exercitus
1001 298 1050 347 in
1071 298 1242 348 Moesia
1264 297 1521 363 Daciaque,
1554 309 1601 348 et

62 379 316 480 Germanlia
336 378 682 443 Pannoniaque,
696 377 948 425 temeritate
970 387 1048 424 aut
1070 393 1153 440 per
1173 375 1402 441 ignaviam
1424 376 1599 424 ducum

263 461 379 506 ¹tot
415 456 630 504 militares
659 453 744 503 viri
775 471 883 502 cum
918 464 986 501 tot
1014 453 1281 501 cohortibus
1317 453 1601 518 expugnati-²

63 548 109 585 et
131 536 279 600 capti:
314 552 399 583 nec
418 536 513 599 jam
537 533 595 581 de
618 531 792 580 limite
781 530 959 594 imperii
982 542 1027 578 et
1048 530 1181 594 ripa,³
1216 531 1298 578 sed
1320 531 1379 578 de
1401 530 1603 601 hibernis

61 613 300 678 legionum
323 623 368 660 et
390 611 672 676 possessione
696 609 968 657 dubitatum.
1010 610 1077 656 Ita
1099 625 1214 657 cum
1236 596 1403 655 damna
1425 592 1605 670 damnis

63 691 455 749 continuarentur,
489 700 626 752 atque
666 687 815 735 omnis
855 703 1001 734 annus
1035 685 1275 734 funeribus
1311 697 1357 733 et
1395 685 1601 735 cladibus

57 767 368 834 insigniretur,
401 767 674 830 poscebatur
706 782 788 812 ore
827 764 954 829 vulgi
993 765 1091 812 dux
1125 762 1376 829 Agricola:
1413 779 1598 826 compa-

64 845 267 893 rantibus
302 844 478 892 cunctis
510 843 736 908 vigorem,
771 841 1086 899 constantiam,
1121 852 1166 888 et
1195 850 1440 903 expertum
1469 839 1600 888 bellis

63 923 286 980 animum,
310 938 419 969 cum
440 919 602 968 inertia
633 931 678 967 et
699 918 946 966 formidine
970 934 1148 966 eorum.
1215 917 1404 980 'Quibus
1426 934 1599 965 sermo-

61 1000 196 1048 nibus
218 1000 323 1048 satis
344 1010 519 1047 constat
548 996 800 1045 Domitiani
822 1013 1008 1060 quoque
1031 1012 1163 1043 aures
1185 996 1461 1054 verberatas,
1484 995 1599 1043 dum

52 1078 264 1143 optimus
286 1076 479 1141 quisque
501 1075 772 1123 libertorum
805 1089 963 1120 amore
986 1083 1031 1120 et
1054 1072 1164 1131 fide,
1187 1071 1369 1136 pessimi
1391 1071 1598 1144 malignia

42 1169 45 1178 ⁸
61 1167 153 1204 tate
171 1166 216 1203 et
232 1154 394 1211 livore,
411 1169 613 1216 pronum
630 1150 931 1198 deterioribus
947 1149 1208 1212 Principem
1226 1139 1594 1197 exstimulabant.

63 1233 139 1281 Sic
163 1231 385 1297 Agricola
417 1231 552 1279 simul
587 1229 678 1278 suis
699 1228 960 1287 virtutibus,
995 1227 1130 1275 simul
1153 1226 1269 1275 vitiis
1302 1226 1516 1285 aliorum,
1548 1225 1598 1274 in

56 1310 208 1374 ipsam
230 1309 426 1375 gloriam
448 1324 654 1372 praeceps
677 1307 935 1372 agebatur.⁴

129 1472 210 1513 42.
245 1467 477 1512 ADERAT
511 1465 603 1528 jam
639 1478 803 1520 annus,
844 1477 937 1525 quo
977 1460 1353 1524 proconsulatum
1387 1459 1514 1508 Asiae
1550 1470 1597 1507 et

51 1541 239 1591 Africae
262 1542 534 1600 sortiretur,⁵
570 1553 614 1588 et
648 1540 799 1588 occiso
829 1535 1018 1587 Civica⁶
1051 1555 1217 1602 nuper,
1251 1554 1336 1586 nec
1359 1537 1596 1602 Agricola:

65 1619 305 1668 consilium
344 1620 516 1677 deerat,
550 1635 636 1677 nec
671 1616 939 1665 Domitiano
973 1615 1278 1680 exemplum.⁷
1344 1617 1599 1663 Accessere

65 1697 253 1761 quidam
276 1696 604 1761 cogitationum
626 1693 848 1756 Principis
870 1692 1018 1756 periti,
1043 1692 1138 1755 qui,
1169 1697 1202 1719 ‘⁶
1227 1691 1372 1739 iturus
1399 1707 1458 1738 ne
1481 1702 1599 1738 esset

64 1780 97 1802 “
129 1774 179 1821 in
202 1773 534 1837 provinciam,''
554 1773 682 1821 ultro
700 1771 970 1836 Agricolam
992 1770 1349 1835 interrogarent:
1374 1785 1425 1816 ac
1443 1767 1597 1832 primo

63 1849 292 1899 occultius
327 1856 361 1879 ‘⁶
386 1851 588 1915 quietem
634 1862 680 1898 et
715 1850 862 1897 otium
880 1849 911 1870 ''
954 1846 1157 1906 laudare,
1197 1847 1311 1894 mox
1350 1851 1384 1874 “
1407 1861 1597 1909 operam

64 1935 96 1957 “
132 1946 262 1976 suam
305 1929 354 1975 in
389 1927 688 1992 adprobanda
733 1926 1026 1976 excusatione
1042 1926 1073 1947 '²
1112 1923 1309 1972 offerre:
1357 1922 1596 1987 postremo

65 2022 160 2053 non
188 2008 284 2071 jam
305 2005 508 2064 obscuri,
535 2007 775 2053 suadentes
809 2003 945 2052 simul
979 2014 1311 2065 terrentesque,
1333 2005 1599 2064 pertraxere

64 2083 122 2131 ad
157 2082 505 2131 Domitianum:
544 2083 622 2147 qui
657 2093 839 2147 paratus
875 2079 1178 2137 simulatione,
1208 2078 1256 2125 in
1292 2076 1598 2149 arrogantiam

918 2266 931 2289 ⁵
973 2268 1203 2316 Sortiretur.
1251 2267 1342 2304 Duo
1381 2264 1595 2304 consulares

865 2321 1121 2372 antiquissimi
1158 2319 1293 2358 Asiam
1338 2326 1376 2357 et
1419 2319 1595 2357 Africam

864 2382 962 2413 sorte
1006 2376 1222 2419 ‹lucebant3
1274 2380 1400 2410 utram
1448 2372 1595 2410 scilicet

121 2272 134 2290 ¹
165 2274 316 2312 Amissi.
347 2274 407 2310 De
434 2273 493 2310 his
519 2272 631 2323 pluta
660 2272 791 2309 Sueto-

67 2395 142 2431 que
187 2382 225 2418 in
284 2382 459 2431 A'ppend.
504 2379 686 2417 chronol.
742 2379 792 2415 ad

67 2439 116 2473 A.
141 2435 187 2472 U.
207 2435 254 2473 C.
274 2436 345 2472 841
368 2443 403 2471 et
423 2447 499 2483 seq.

121 2486 138 2503 ²
167 2487 398 2539 Expugnatz'.
429 2488 488 2524 Ita
511 2500 665 2537 quoque
680 2489 793 2524 verbo

65 2555 277 2592 expugnare
298 2554 387 2580 usus
414 2550 469 2578 est
496 2540 712 2588 Lucretius,
733 2553 792 2579 ιν.

73 2600 188 2640 1007.

63 2701 157 2734 Reges
167 2704 351 2735 expugnant,
358 2702 536 2734 capiuntur,
539 2702 651 2735 prelia
661 2702 794 2728 miscent.

121 2801 136 2823 ³
177 2804 232 2841 Et
267 2799 360 2854 ἦρά.
411 2805 512 2855 Ripa
550 2805 721 2842 Danubii
757 2811 795 2842 et

68 2857 206 2904 Rheni,
226 2859 416 2907 quierant
436 2858 583 2908 imperii
605 2858 755 2896 limites.

116 2910 138 2931 ¹*
181 2912 350 2961 Praeceps
385 2913 578 2962 agebatur.
625 2913 793 2962 Praeceps

68 2977 114 3004 ac
134 2965 335 3015 periturus.

865 2443 996 2466 (arum
1015 2435 1195 2477 regerent.

919 2479 934 2499 ⁶
966 2482 1095 2520 Occiso
1126 2478 1267 2518 Civicd.
1300 2479 1362 2517 De
1393 2492 1471 2530 quo
1501 2480 1594 2518 Sue-

867 2537 992 2573 tonius
1012 2536 1051 2572 in
1074 2534 1220 2572 Domit.
1243 2546 1285 2571 x.
1306 2531 1470 2571 Ciuicam
1488 2533 1595 2571 Cere-

866 2590 958 2627 alem
997 2591 1036 2626 in
1071 2589 1149 2638 ipso
1186 2588 1288 2625 Λείας
1325 2587 1595 2636 proconsulatu

866 2643 1068 2687 interemit,
1097 2641 1207 2691 quasi
1235 2638 1447 2678 molit01e1n
1478 2653 1594 2677 nov-a

867 2709 951 2734 rum
971 2709 1110 2733 rerum.

921 2747 935 2769 ⁷
966 2747 1185 2787 Domztiano
1213 2747 1423 2797 exemplum.
1451 2744 1594 2784 Occiso

868 2801 1016 2849 Civica,
1043 2814 1113 2839 nec
1133 2800 1325 2851 Agricolae
1350 2801 1479 2838 deerat
1505 2812 1596 2836 con-

866 2856 1010 2902 silium,
1026 2864 1069 2893 ut
1083 2856 1266 2892 invidiam
1286 2852 1473 2903 Principis
1489 2852 1597 2890 time-

868 2917 935 2955 ret,
963 2922 1032 2946 nec
1054 2909 1276 2946 Domitiano
1295 2906 1534 2957 exemplum,
1552 2912 1595 2943 ut

867 2962 1045 3002 virtutem
1065 2962 1274 3001 innocentis
1289 2959 1531 3011 opprimeret.
