1768 3236
173 165 254 209 574
570 156 736 196 NOTAE
764 156 836 195 ET
864 155 1326 197 EMENDATIONES‘

229 263 352 306 CAP.
375 264 447 309 27.
483 260 707 322 Operosum
740 255 944 302 hon-orem.
1005 258 1122 303 Bene
1153 259 1377 303 Rhenanus
1397 257 1421 302 ὲ
1443 258 1553 303 Cod.
1574 258 1719 320 Kapp'.

168 337 223 381 In
241 337 448 380 veteribus
468 335 729 388 editionibus,
744 348 1049 404 peraperosum.

235 412 293 456 Ut
308 427 492 471 gravem.
554 409 676 453 Male
698 397 942 463 Beroaldus,
946 417 1001 454 et
1018 423 1204 467 gravm.

228 564 350 608 CAP.
371 568 442 605 28.
475 558 681 614 Potentia
709 557 877 601 divisas.
938 554 1003 599 Ita
1038 557 1260 600 Rhenanus
1288 556 1314 599 ὲ
1349 557 1456 600 Cod.
1490 557 1632 615 Kapp.
1662 565 1715 603 ac!

165 639 314 684 deinde
341 635 466 680 ceteri
495 650 651 677 omnes.
713 631 764 674 In
797 627 900 675 MS.
923 632 1146 688 Bamberg.
1167 641 1208 675 et
1227 632 1473 676 editionibus
1492 633 1714 688 veteribus,-

165 717 362 766 diversas,
382 711 493 769 quod
515 712 665 766 probat
688 708 869 764 Lipsius.

227 789 290 833 Et
323 787 537 830 Maermm.
594 783 638 826 [n
676 781 958 840 Lipsiensibus
989 781 1108 825 Actis
1130 781 1415 836 Eruditorum,
1445 797 1553 825 anno
1588 787 1715 830 17.11.

163 883 209 925 p.
230 870 302 912 27.
335 862 402 906 Cl.
426 862 635 904 Schwartz
657 859 861 909 emendat,
887 857 1057 900 OEn‘um.

230 937 393 982 Boiemz·
420 951 580 978 nomen.
642 933 707 976 Ita
727 933 831 975 MS.
852 932 990 975 vatic.
1015 937 1139 975 1518.
1160 940 1201 974 et
1219 931 1314 974 libri
1334 931 1445 975 editi.
1503 932 1555 975 In
1574 923 1715 976 Mss'.
1741 935 1748 942 ·

163 1014 304 1058 Vatic.
330 1014 439 1056 1862
460 1019 500 1052 et
517 1010 645 1058 2964.
670 1007 878 1051 Boihemi.
939 1007 1042 1050 MS.
1063 1006 1198 1049 Vatic.
1219 1012 1349 1055 4498.
1372 1005 1562 1049 Bohemi.
1607 1006 1717 1051 Cor-⁶

164 1087 287 1146 rupte
327 1087 431 1130 MS.
466 1086 691 1140 Bamberg.
728 1081 851 1126 Boiis
883 1081 905 1124 ὲ
942 1097 1107 1125 munere
1146 1096 1302 1124 nomen.
1372 1081 1495 1124 Unde
1533 1083 1720 1126 tentabat

166 1164 352 1222 Lipsius,
377 1160 586 1204 Boiiasmi
605 1158 628 1200 ἑ
648 1173 692 1201 re
711 1172 870 1211 nomen,
890 1157 953 1200 vel
978 1156 1229 1215 Royasmum
1247 1155 1269 1198 ὲ
1288 1171 1332 1199 re
1347 1171 1504 1199 nomen.

230 1237 411 1282 Veterem
440 1235 693 1278 memoriam.
756 1232 877 1275 Male
907 1233 1038 1275 adhuc
1061 1231 1165 1275 MS.
1188 1231 1410 1287 Bamberg.
1435 1238 1609 1275 veterem
1637 1230 1727 1275 ὐἱώ

161 1313 417 1358 memoriam.
475 1310 579 1352 Inde
601 1317 738 1352 tamen
751 1306 928 1350 Colerus
948 1306 1210 1364 conjiciebat,
1229 1305 1406 1350 viciniae.

223 1386 437 1434 Aravisci.
495 1385 667 1428 Veteres
688 1381 903 1436 editiones,
925 1381 1128 1425 Arauisci
1138 1397 1152 1432 ;
1182 1397 1230 1423 ac
1250 1396 1366 1433 mox,
1386 1380 1618 1425 Arauiscis.

224 1464 296 1507 Ab
322 1462 427 1505 Osis.
488 1459 609 1502 Male
630 1459 769 1501 MSS.
790 1457 926 1500 Vatic.
947 1455 974 1499 ὰ
1003 1456 1137 1499 Boiis.
1198 1455 1314 1499 Nam
1334 1471 1432 1499 mox
1453 1456 1558 1501 MS.
1576 1454 1714 1501 vatic«

164 1541 294 1588 4498.
320 1536 419 1586 Osi‚·
449 1544 491 1578 et
513 1534 614 1578 MS.
634 1533 770 1576 Vatic.
797 1537 920 1576 1518.
945 1531 1056 1574 Osci.

224 1612 288 1656 Et
311 1610 477 1655 Nervii.
534 1609 706 1652 Veteres
726 1607 939 1659 editiones,
961 1605 1124 1649 Neruli.

223 1685 558 1745 Affectationem.
620 1683 755 1726 Codd.
778 1682 921 1739 Kapp.
942 1680 1208 1740 affectionem.

229 1762 410 1806 Triboci.
469 1759 521 1802 In
548 1758 751 1801 veteribus
771 1756 1030 1809 editionibus,
1055 1756 1095 1799 T
1092 1755 1241 1799 reboci.
1301 1753 1352 1797 In
1382 1755 1510 1799 veteri
1535 1754 1696 1814 Inscrip

167 1838 279 1882 tione
313 1837 426 1893 apud
456 1834 524 1877 Cl.
557 1833 811 1890 Schoepflin‚
847 1837 876 1858 “
894 1831 1055 1875 Alsatia
1089 1830 1329 1883 illustrata,''
1359 1830 1457 1873 Vol.
1479 1845 1512 1873 1.
1550 1847 1594 1888 p.
1613 1836 1714 1877 550.

167 1919 419 1956 memoratur
443 1924 467 1952 c
483 1924 496 1952 1
509 1925 551 1951 v.
584 1923 612 1950 Τ
623 1922 653 1950 R
667 1923 683 1951 1
697 1922 725 1950 B
737 1922 764 1950 o
778 1923 801 1950 c
815 1922 842 1950 o
856 1921 885 1950 R
899 1922 923 1949 v
937 1922 991 1958 Μ,
1010 1906 1052 1948 id
1074 1913 1149 1959 est,
1170 1910 1198 1931 “
1218 1905 1359 1948 civitas
1377 1901 1702 1950 Tribocorum&
1724 1933 1728 1938 -

229 1986 299 2030 Ne
319 1985 425 2031 Ubii
453 1984 630 2043 quidem.
692 1982 830 2025 MSS.
851 1982 986 2025 Vatic.
1005 1982 1048 2024 T
1050 1980 1149 2023 urie.
1171 1980 1279 2023 Cod.
1297 1979 1439 2037 Kapp.
1457 1989 1500 2023 et
1517 1980 1716 2025 editione·

166 2071 340 2115 veteres,
381 2059 532 2103 Nubii.
612 2058 732 2102 Male
772 2058 1056 2101 emendaverat
1094 2055 1363 2109 Puteolanus,
1408 2053 1524 2098 Ubii.
1598 2050 1715 2100 Bet&

170 2138 392 2187 Gruterus,
406 2150 464 2178 ne
490 2133 590 2176 Ubii
608 2133 786 2191 quidem.

231 2211 469 2255 conditoris
487 2210 565 2252 sui.
625 2209 793 2252 Frustra
813 2215 941 2251 tentat
960 2205 1143 2263 Lipsius,
1162 2221 1257 2250 suae.
1294 2204 1346 2247 Id
1365 2203 1474 2247 enim
1494 2204 1545 2247 ad
1559 2203 1710 2262 Agrip·
1748 2204 1750 2210 '

169 2303 271 2350 pam
290 2287 476 2329 refertur.

230 2360 563 2406 custodirentur.
625 2357 730 2401 MS.
749 2357 893 2401 Turic.
914 2356 1177 2401 custodirent.

147 2515 149 2521 “
227 2509 440 2558 CAP.'29.
473 2508 674 2565 Antiquae
702 2505 924 2550 societatis.
983 2504 1107 2547 Unde
1141 2503 1288 2547 Batavi
1321 2502 1420 2546 dicti
1451 2500 1716 2560 suntfratm

167 2591 208 2628 et
227 2583 352 2626 amici
363 2582 513 2640 populi
535 2581 733 2636 Romani,
765 2589 811 2623 ut
839 2587 1001 2623 constat
1031 2594 1083 2621 ex
1114 2588 1250 2622 vetere
1267 2577 1403 2635 lapide
1423 2577 1533 2634 apud
1559 2576 1717 2622 Grut&

167 2674 275 2715 rum,
293 2674 337 2715 p.
358 2663 429 2707 72.
448 2674 488 2702 n.
509 2663 551 2707 9.

769 2809 879 2839 etv.
910 2806 1129 2838 BATAVI

557 2899 841 2933 FRATRES.
875 2901 959 2933 ΕΤ.
990 2879 1182 2932 Anici.
1215 2898 1257 2928 P.
1289 2896 1336 2927 n.
