1768 3236
329 646 594 705 NOTAE
641 646 749 705 ET
803 648 1560 712 EMENDATIONES

492 908 571 947 AD
601 907 900 948 D1ALoGUM
931 895 1006 948 DE
1034 909 1383 950 ORATomssus

463 1143 535 1201 Cr
570 1143 1025 1202 CORNELII
1074 1146 1408 1203 TACITI.

174 1647 244 1717 C.
278 1671 460 1717 Cornelii
497 1672 634 1716 Taciti
664 1671 853 1730 dialogus
887 1671 938 1715 de
972 1670 1233 1715 Oratoribus.
1292 1673 1359 1717 Ita
1392 1674 1530 1719 MSS.
1561 1675 1700 1722 vatic.

171 1758 295 1796 1518.
328 1754 435 1796 1862
455 1762 495 1795 et
514 1759 641 1802 4498.
701 1751 752 1794 In
771 1752 948 1795 editione
967 1752 1168 1809 principe,
1193 1752 1376 1797 Cornelii
1397 1755 1534 1799 Taciti
1551 1756 1702 1815 equitis

168 1826 352 1870 Romani
371 1826 560 1884 dialogus
578 1827 627 1869 de
650 1826 901 1869 Oratoribus
923 1827 1059 1870 claris.
1122 1827 1372 1871 Puteolanus
1392 1837 1433 1871 et
1453 1829 1698 1885 Beroaldus,

168 1917 456 1947 coRNssLil
491 1916 691 1945 TAchi
729 1916 972 1956 EQUJTIS
1007 1916 1211 1945 ROMAN
1229 1918 1245 1945 1
1286 1917 1578 1955 DlAnoc-us
1617 1916 1693 1948 ΔΝ

167 1993 260 2022 SUI
308 1992 516 2029 SECULJ
552 1991 857 2020 ORATORES
892 1991 1376 2031 ANT19U10RIBUS
1413 1993 1478 2022 ET
1512 1991 1695 2033 QUARR

166 2068 190 2095 c
201 2069 227 2096 o
239 2068 265 2096 N
276 2067 300 2096 c
312 2068 339 2096 E
354 2068 382 2095 n
394 2067 422 2095 A
435 2067 465 2095 N
478 2067 521 2095 T.
582 2052 745 2096 Deinde
778 2051 945 2108 plurimi
977 2051 1042 2102 vel
1074 2044 1343 2104 Quintiliano,
1376 2052 1440 2095 vel
1470 2053 1539 2096 M.
1558 2053 1696 2111 Apro,

161 2127 226 2171 vel
249 2127 436 2170 Curiatio
456 2127 653 2170 Materno
685 2126 893 2183 dialogum
926 2127 1035 2170 hunc
1066 2126 1265 2169 vindicare
1298 2126 1462 2169 voluere
1479 2144 1488 2170 :
1520 2136 1561 2170 at
1578 2126 1694 2170 nullst

160 2202 245 2245 nixi
275 2201 528 2254 auctoritate,
572 2217 622 2244 ne
655 2200 937 2257 probabilibus
972 2200 1136 2257 quidem
1168 2202 1428 2257 argumentis.
1488 2201 1691 2258 Dialogus

157 2277 225 2320 hic
243 2276 405 2319 habitus
424 2285 499 2329 est,
536 2275 729 2332 Principe
749 2275 1019 2331 Vespasiano,
1050 2277 1218 2333 ejusque
1253 2275 1415 2332 imperii
1434 2291 1540 2319 anno
1559 2284 1689 2320 sexto.

156 2351 280 2394 Tunc
301 2351 476 2407 scriptor
496 2349 644 2406 dialogi
664 2358 748 2391 erat
768 2350 937 2407 juvenis
970 2349 1202 2401 admodum,
1233 2358 1278 2392 ut
1307 2358 1466 2393 constat
1485 2365 1534 2392 ex
1554 2350 1692 2407 primo

158 2427 309 2482 capite.
370 2426 497 2473 Quod
517 2424 788 2477 Quintiliano,
818 2425 1002 2479 Aprove,
1032 2432 1102 2466 aut
1118 2424 1327 2476 Materno,
1346 2433 1432 2466 tum
1453 2424 1690 2480 grandaevis,

156 2500 323 2543 minime
345 2499 543 2542 convenit.
602 2499 675 2551 At,
695 2499 824 2556 inquit
843 2498 1026 2554 Lipsiu8‚
1047 2514 1122 2540 nec
1142 2498 1314 2541 Tacitus
1335 2507 1431 2541 tuuc
1452 2498 1528 2540 fuit
1546 2499 1707 2557 adm03

155 2575 251 2617 dum
265 2574 441 2631 juvenis,
472 2574 671 2631 siquidem
692 2574 867 2615 honores
899 2572 1027 2629 coepit
1061 2574 1136 2615 sub
1155 2572 1428 2629 Vespasiano.
1487 2571 1626 2616 Miror
1643 2572 1701 2616 id.

154 2649 284 2706 objici
303 2648 327 2690 ὲ
347 2649 434 2691 viro
453 2648 741 2698 eruditissimo,
772 2647 843 2705 qui
860 2647 1035 2689 honores
1068 2645 1162 2689 illos
1197 2646 1322 2689 fuisse
1346 2646 1570 2704 juventutis
1588 2661 1687 2703 pro-

153 2723 267 2780 prios
300 2722 390 2778 ipse
420 2721 592 2774 noverit,
623 2737 813 2778 saepeque
848 2721 889 2763 in
922 2720 1005 2764 suis
1040 2721 1092 2763 ad
1123 2720 1319 2763 Tacitum
1339 2719 1446 2763 notis
1465 2719 1689 2763 monuerit.

154 2796 361 2840 Praeterea
380 2795 544 2839 biennio
565 2805 659 2853 post
677 2796 862 2838 habitum
892 2795 999 2837 hunc
1027 2793 1249 2850 dialogum,
1279 2795 1375 2837 cum
1394 2779 1565 2838 Tacitus
1581 2810 1686 2839 uxo·-

151 2886 240 2915 rem
258 2872 426 2916 duceret
441 2870 570 2915 filiam
590 2869 670 2915 Cn,
689 2870 716 2915 J
723 2869 793 2914 ulii
812 2868 1033 2928 Agricolae,
1063 2868 1152 2927 ipse
1171 2877 1339 2913 testatur
1367 2884 1411 2913 se
1442 2869 1574 2914 adhuc
1592 2883 1684 2925 esse
