1768 3236
669 197 742 236 AG
751 196 969 236 RICOLA.
1519 200 1537 233 1
1547 200 1596 242 19

11 285 135 364 sest,
169 314 222 353 ut
258 318 360 352 rem
381 302 441 350 ad
463 316 713 349 mucrones
731 316 785 348 ac
809 315 974 347 manus
990 300 1004 320 ¹
1040 297 1352 347 adducerent:
1388 298 1518 363 quod
1543 310 1595 347 et

47 382 155 447 ipsis
198 391 421 430 vetustate
465 377 647 426 militiae.
682 377 1001 435 exercitatum,
1052 387 1099 423 et
1142 375 1349 443 hostibus
1393 375 1594 425 inhabile

46 476 189 525 parva
221 469 351 507 scuta
371 469 417 505 et
439 472 653 504 enormes
687 454 864 520 gladios
887 453 1183 520 gerentibus:
1218 469 1329 500 nam
1349 452 1593 503 Britanno-2

45 553 155 587 rum
197 535 338 602 gladii
381 535 478 583 sine
517 549 741 582 mucrone
756 536 772 554 ²
816 532 1118 596 complexum
1155 545 1412 589 armorum,
1459 543 1504 578 et
1541 531 1591 581 in

43 625 174 673 arcto
189 616 203 641 ³
227 630 433 678 pugnam
472 627 569 659 non
607 612 877 659 tolerabant.
946 609 1109 674 Igitur,
1143 619 1196 655 ut
1217 608 1377 656 Batavi
1397 608 1591 677 miscere

43 691 179 749 ictus,
227 689 365 738 ferire
409 688 705 746 umbonibus,
752 705 835 735 ora
868 685 1064 745 foedare,
1099 697 1144 734 et
1181 685 1373 744 tractis,⁴
1417 686 1498 751 qui
1541 688 1591 736 in

43 786 183 832 aequo
218 767 502 825 obstiterant,
535 766 712 831 erigere
738 765 787 812 in
808 764 951 812 colles
987 763 1133 811 aciem
1168 780 1384 828 coepere;
1421 776 1588 816 ceterae

44 846 276 904 cohortes,
338 844 630 894 aemulatione
685 855 731 891 et
785 843 960 907 impetu
1017 841 1288 901 commistae,
1348 843 1589 906 proximos

47 939 260 987 quosque
295 923 504 971 caedere:
541 939 595 970 ac
618 921 827 986 plerique
853 919 1120 978 semineces,
1153 931 1231 967 aut
1253 919 1436 985 integri,
1469 920 1590 970 festi-

42 985 227 1048 natione
253 999 456 1048 victoriae
486 999 880 1063 relinquebantur.
950 997 1139 1045 Interim
1177 997 1386 1062 equitum
1420 1010 1587 1048 turrnae

43 1076 244 1143 fugere?
262 1077 477 1126 covinarii
494 1077 703 1141 peditum
716 1095 765 1124 se
782 1075 943 1141 praelio
966 1075 1212 1123 miscuere:
1237 1087 1283 1123 et
1305 1092 1587 1141 quamquam

43 1166 277 1203 recentem
299 1166 526 1226 terrorem
548 1155 813 1214 intulerant,
847 1153 999 1203 densis
1032 1165 1186 1201 tamen
1221 1153 1423 1201 hostium
1445 1155 1586 1220 agmi-

43 1404 238 1444 numenta‚
282 1398 322 1437 in
356 1400 497 1450 quibus
530 1413 642 1440 con.
670 1413 783 1440 rvu-

44 1463 158 1490 Gno.
173 1452 661 1495 velcon.'f.rvNGRon.
676 1467 781 1494 mu„

43 1506 146 1544 Vide
178 1507 373 1545 eruditum
394 1508 577 1557 Gordon,
605 1509 679 1548 loc.
713 1509 781 1548 cit.

42 1559 193 1598 Tabula
211 1573 336 1599 xxxv
354 1568 394 1599 et
409 1575 487 1613 seq.

96 1663 111 1682 ¹
140 1667 206 1705 Ad
235 1682 424 1707 mucrones
448 1684 493 1709 ac
518 1684 659 1709 manus.
714 1670 778 1708 Sic

42 1719 136 1757 olim
173 1722 427 1762 Germanicus
457 1725 646 1763 Romanos
688 1736 778 1762 cum

44 1773 244 1813 Germanis
291 1777 529 1828 praeliaturos
568 1784 779 1823 monuerat,

45 1834 90 1864 ut
106 1828 304 1869 densaretur
325 1831 435 1878 ictas,
463 1838 500 1870 et
516 1846 584 1871 ora
599 1832 780 1871 mucroni-

21 1908 25 1909 ,
43 1881 110 1919 {ms
129 1891 348 1932 qaaererent,
376 1887 517 1929 Annal.
539 1899 587 1925 11.
610 1892 671 1925 14.

98 1933 116 1950 ²
142 1935 232 1975 Sine
247 1953 431 1978 mucrone.
485 1941 623 1979 Caesim
646 1954 780 1991 nempe

42 1991 266 2039 pugnabant
278 1993 447 2031 Britanni
462 2009 473 2039 ;
501 1996 676 2046 punctim
691 1994 780 2032 vero

44 2043 223 2092 Romani,
249 2046 328 2096 qua
356 2049 549 2099 pugnandi
567 2049 711 2087 ratione
727 2049 783 2087 ci-

41 2098 118 2139 tior
143 2100 360 2151 certiorque
388 2115 487 2140 mors
524 2104 637 2142 venit.
692 2102 781 2140 Hac

44 2154 92 2191 de
109 2166 148 2191 re
173 2153 287 2203 plura
312 2154 427 2194 habet
446 2158 637 2208 Vegetius‚
666 2170 697 2196 1.
719 2161 781 2196 19.

43 2205 276 2257 'Cmnplexum
283 2217 412 2247 autem
421 2224 607 2250 armorum
618 2212 782 2250 dicimus

41 2262 191 2309 scuffle:
234 2262 326 2301 cum
359 2264 535 2302 cominus
566 2265 604 2304 e¹t
639 2266 781 2306 collato

0 2314 4 2321 '
42 2316 163 2366 gradu
180 2317 297 2355 hostis
319 2318 473 2368 petitur.

97 2365 114 2388 ³
143 2369 194 2407 In
225 2377 344 2409 arcto.
402 2372 543 2421 Vulgo,
572 2373 635 2411 sed
663 2373 777 2419 male,

43 2423 83 2461 in
100 2430 243 2483 aper-fo.
299 2426 398 2463 Vide
414 2435 493 2464 not.
510 2432 548 2464 et
564 2428 711 2466 emend.
729 2428 778 2466 ad

6 2486 9 2492 “
39 2489 92 2514 ca
122 2506 132 2515 .
148 2481 212 2516 30.

87 2490 119 2550 ξ
134 2532 189 2569 Et
207 2533 353 2570 tractis.
399 2534 557 2579 Melius,
575 2534 779 2586 ecfractss,

45 2591 90 2623 ut
105 2586 256 2624 volebat
274 2588 471 2626 Muretus:
502 2590 557 2626 vel
578 2589 721 2639 potins,
744 2595 782 2626 et

38 2641 260 2689 prostratis,
302 2649 344 2678 ut
381 2643 568 2692 conjicere
602 2642 694 2679 ltcet
731 2656 780 2680 ex

1 2727 5 2732 .
45 2692 140 2731 Mss.
164 2695 292 2732 Vatic.
348 2696 447 2733 Vide
475 2705 554 2735 not.
575 2703 613 2733 et
635 2697 782 2734 emend.

0 2770 3 2777 ·
43 2748 93 2784 ad
121 2760 207 2798 cap.
225 2747 290 2787 36.
345 2750 507 2788 Victum
535 2756 782 2801 prostratum-

38 2800 119 2852 ·'que
146 2811 202 2840 est
227 2803 395 2853 primum
423 2817 555 2853 agmen
584 2803 782 2840 Britanno-

43 2867 143 2901 rum,
171 2857 273 2906 qued
293 2857 331 2894 in
349 2870 459 2907 aequo
477 2856 708 2903 constiterat,
738 2865 783 2895 ut

45 2909 160 2947 modo
178 2910 325 2948 dictum
343 2915 398 2948 est
415 2922 501 2962 cap.
520 2925 606 2962 sup.

98 2962 113 2985 ⁵
143 2963 320 3014 Equitum
343 2970 473 3003 turma·
485 2963 642 3017 Jitgere.
700 2961 780 3002 Hic

850 1399 947 1438 nihil
963 1412 1042 1437 esse
1059 1398 1156 1444 vitii,
1182 1398 1246 1436 sed
1263 1398 1474 1450 plurimum
1494 1399 1591 1437 Cor-

850 1454 1009 1491 nelianae
1036 1453 1226 1493 brevitatis
1252 1454 1424 1490 observat
1444 1453 1588 1491 illustr.

853 1507 1032 1546 Huetius.
1088 1506 1259 1553 Scilicet,
1283 1507 1476 1557 utrimque
1495 1520 1589 1557 pug-

850 1575 937 1600 nam
955 1574 1102 1613 coepere
1118 1561 1289 1611 pedites:v
1301 1561 1422 1599 fracto
1440 1561 1589 1599 Britan-

850 1628 983 1653 norum
1004 1616 1127 1667 primo
1139 1615 1301 1664 agmine,
1311 1616 1415 1666 quod
1427 1615 1466 1652 in
1477 1628 1589 1665 aequo

851 1671 1082 1716 constiterat,
1132 1668 1282 1706 auxilia
1326 1669 1587 1707 Romanorum

850 1725 973 1763 aciem
1001 1724 1039 1760 in
1066 1722 1182 1761 colles
1210 1735 1374 1760 erexere.
1432 1723 1588 1761 Interim

852 1780 1113 1817 Romanorum
1130 1777 1304 1826 equitum
1324 1784 1474 1822 turmae,
1496 1789 1587 1814 cum

852 1832 1121 1870 Britannorum
1146 1830 1346 1868 covinariis
1370 1843 1588 1881 congressae.

851 1900 913 1924 eos
938 1886 1120 1924 sustinere
1143 1897 1219 1922 non
1242 1884 1458 1931 voluerunt,
1485 1885 1589 1922 ideo-

851 1953 926 1991 que
966 1939 1107 1990 fugere.
1161 1939 1275 1976 Tunc
1309 1938 1506 1983 covinarii,
1549 1947 1589 1976 et

851 2007 913 2033 eos
931 1994 1053 2031 secuti
1069 1992 1213 2044 equites
1232 1992 1415 2037 Britanni,
1433 1993 1585 2042 superbi

851 2049 972 2099 quod,
999 2047 1129 2097 fugato
1150 2048 1411 2084 Romanorum
1439 2047 1587 2095 equita-

852 2110 909 2148 tu,
942 2109 1120 2139 terrorem
1154 2101 1382 2145 intulissent,
1410 2099 1585 2150 peditum

851 2169 890 2194 se
910 2155 1042 2207 praelio
1069 2155 1268 2192 miscuere.
1323 2156 1378 2191 At
1408 2154 1585 2201 Romani,

851 2211 918 2260 qui
953 2210 1133 2261 primum,
1174 2208 1342 2246 diductis
1376 2207 1586 2255 ordinibus,

850 2264 1088 2309 incesserant,
1127 2276 1174 2300 ne
1210 2261 1584 2308 circumvenirentur,

850 2325 957 2363 tunc,
990 2317 1152 2355 densatis
1182 2316 1409 2367 agminibus,
1442 2329 1586 2366 pugna-

849 2373 955 2418 bant,
975 2378 1019 2409 ut
1036 2371 1162 2408 acrius
1178 2371 1404 2408 resisterent.
1450 2370 1585 2420 Itaque

849 2438 972 2476 neque
987 2424 1184 2468 covinarii‚
1201 2436 1323 2474 neque
1339 2423 1485 2472 equites
1505 2426 1587 2462 Bri-

849 2480 953 2518 tanni
976 2492 1039 2516 eos
1065 2485 1259 2529 penetrare
1284 2484 1461 2528 potuere:
1491 2491 1586 2527 prae-

847 2533 950 2571 ἴθι-οὲ
980 2531 1233 2582 inaequalibus
1259 2531 1354 2569 locis
1381 2530 1584 2570 haerebant.

822 2613 827 2619 -
850 2587 960 2624 Unde
988 2586 1145 2623 minime
1173 2586 1357 2636 equestris
1380 2598 1425 2621 ea
1447 2598 1584 2636 pugnae

850 2640 964 2678 facies
992 2640 1077 2684 suit,
1106 2639 1194 2677 cum
1222 2639 1402 2678 covinarii
1423 2648 1460 2677 et
1477 2639 1586 2690 equi-

850 2702 904 2732 tes
938 2693 1122 2739 Britanni',
1163 2694 1261 2743 aegre
1296 2693 1398 2730 clivo
1431 2699 1583 2743 stantes,

851 2748 966 2784 simul
1008 2760 1096 2785 cum
1136 2759 1323 2797 equorum
1361 2747 1584 2797 corporibus

851 2800 1134 2852 impellerentur
1145 2817 1156 2847 ;
1175 2813 1221 2838 ac
1232 2813 1331 2850 saepe
1340 2801 1424 2849 vagi
1438 2812 1597 2845 currus,¹

851 2855 1019 2892 exterriti
1051 2854 1131 2891 sine
1163 2855 1371 2892 rectoribus
1402 2853 1504 2903 equi,
1542 2860 1588 2890 ut

853 2921 1043 2958 quemque
1061 2907 1222 2944 formido
1237 2907 1388 2951 tulerat,
1407 2914 1587 2944 transver-

850 2975 920 3005 sos,
950 2969 1018 3000 aut
1037 2961 1167 3004 obvios
1184 2961 1444 3000 incursabant.
