1768 3236
60 177 99 215 J.
116 175 163 214 c.
183 177 250 219 39.
474 168 621 210 me
649 169 854 222 OCTAVJ
885 163 1206 212 ANNAL'1UM.
1523 179 1602 222 29⁵

53 294 108 328 ac
131 274 284 343 gladio
305 271 481 333 minax,
514 285 704 338 pontem
740 270 860 322 Baiis
892 272 1164 339 ingreditur.
1230 276 1400 343 Longo
1431 277 1596 329 ordine

56 354 232 419 equites
248 351 513 418 peditesque
530 350 814 399 hortatorem
831 362 1276 416 monstratoremque
1297 353 1406 402 belli
1421 354 1594 405 Princi-

53 449 164 496 pem
202 429 362 487 secuti,
386 426 669 494 fulgentibus
703 427 860 493 signis,
890 439 1134 493 trucesque
1163 428 1314 488 vultu,
1335 431 1395 478 ad
1426 431 1594 482 Puteo-

22 522 24 524 ’
58 509 212 556 lorum
257 506 544 554 obsidionem
587 515 850 569 properant.
942 504 1184 568 Oppidum
1235 505 1401 566 adorti,
1445 509 1593 558 multa

54 584 330 644 velitatione,
353 581 658 647 omm‘busque
679 581 789 630 belli
810 580 1084 648 imaginibus
1105 594 1388 648 expugnant.

127 747 204 789 12.
236 739 433 788 NULLA
456 732 584 784 urbis
605 734 776 784 deditio
807 735 1056 802 majoribus
1084 736 1311 787 celebrata
1348 738 1589 791 laudibus:

51 834 140 868 nec
170 830 324 865 tamen
361 814 559 864 adulatio
598 814 841 863 vanitatem
884 815 1106 881 Principis
1143 833 1451 883 supergressa.
1520 819 1591 868 Ut

55 895 268 945 bellicam
290 893 524 951 virtutem,
542 889 605 941 ita
635 890 965 958 fatigationem,
991 892 1224 953 mentitus,
1246 893 1478 959 reliquum
1500 896 1591 945 diei

54 971 314 1022 recreandis
342 970 515 1018 viribus
549 969 783 1018 absumsit.
851 969 1044 1019 Postero
1083 970 1190 1030 die‚¹
1224 971 1284 1019 ad
1318 987 1459 1021 novas
1494 972 1593 1022 libi-

55 1051 184 1100 dines
205 1048 414 1107 alacrior,
446 1046 627 1095 militari
666 1045 838 1111 pompa
871 1063 1106 1113 regressus
1139 1059 1221 1097 est.
1289 1049 1388 1097 Ibat
1409 1050 1592 1114 quadri.

52 1127 180 1195 gai-io
202 1126 397 1185 habitu,²
428 1126 509 1173 sed
531 1123 687 1173 tunica
708 1123 872 1195 aurea,
886 1124 1031 1191 bijugi
1051 1122 1336 1175 famosorum
1359 1131 1588 1193 equorum

54 1204 303 1262 curriculo,
342 1202 572 1261 Darium‚³
620 1193 858 1266 multaque
903 1202 1068 1251 deditae
1112 1203 1238 1251 urbis
1275 1203 1324 1252 in
1368 1205 1589 1271 triumphi

55 1282 250 1333 modum
287 1279 432 1345 spolia
469 1297 566 1346 prae
610 1297 660 1330 se
697 1278 864 1329 ferens.
933 1280 1158 1329 Adstabat
1205 1282 1591 1345 praetorianorum

54 1352 240 1427 agmen‘,
275 1370 322 1406 et
346 1357 394 1405 in
424 1358 591 1406 essedis
624 1358 792 1406 cohors
823 1357 1096 1428 amicorum,
1128 1358 1336 1424 palmatis
1365 1360 1591 1426 vestibus⁴

55 1436 312 1503 magnifica.
380 1435 509 1483 Pone
548 1436 824 1500 sequebatur
858 1446 1150 1501 expugnator
1178 1436 1423 1498 exercitus,
1447 1437 1588 1504 pluri-

55 1531 223 1581 maque
238 1514 392 1573 turba,
412 1512 540 1561 vario
556 1512 751 1579 quisque
773 1513 901 1563 cultu
923 1512 1136 1580 insignes.

128 1677 204 1719 13.
240 1671 364 1720 CUM
389 1671 447 1718 ad
469 1687 563 1740 pon
583 1667 595 1683 ⁶
636 1672 842 1720 medium
862 1686 1131 1735 pervenere,
1153 1670 1371 1738 Princeps
1387 1673 1587 1725 tribunal

54 1747 245 1807 navibus
277 1747 541 1813 impositum
565 1765 569 1769 ·
591 1749 850 1810 onscendit3
887 1759 934 1797 et
954 1748 1247 1814 imperatorio
1275 1766 1406 1799 more
1423 1751 1588 1802 milites

53 1826 329 1884 adlocutus,⁵
357 1826 575 1891 jactitavit
596 1826 852 1875 “Darium
869 1837 914 1874 et
937 1826 1146 1874 Xerxem
1161 1827 1352 1892 puerilia
1367 1829 1582 1879 molitos:

7 1891 11 1894 ’
54 1907 89 1931 “
123 1920 171 1951 se
189 1903 302 1951 vero
325 1902 485 1964 virilia,
508 1915 554 1952 et
574 1905 699 1953 orbis
715 1903 904 1952 domino
927 1904 1066 1970 digna
1081 1903 1292 1973 gessisse:
1328 1917 1587 1957 catenatum

53 1985 90 2009 ‘⁶
123 1980 439 2046 calcatumque
473 1999 663 2047 aequor:
699 1993 983 2047 expugnatas
1013 1983 1179 2031 urbes:
1216 1982 1418 2032 devictos
1440 2002 1587 2049 popu·

55 2063 88 2086 “
122 2058 214 2107 los:
251 2059 381 2106 Deos
401 2059 540 2124 ipsos,
561 2062 841 2126 majestatem
863 2077 993 2108 suam
1013 2059 1199 2120 veritos,
1217 2060 1361 2109 fluctu
1383 2061 1587 2127 flatuque

57 2140 90 2163 “
123 2135 399 2183 abstinere.”
467 2138 587 2186 Haec
621 2138 798 2203 aliaque
830 2138 877 2185 id
916 2136 1116 2188 stultitiae
1154 2138 1392 2204 gloriatus,
1420 2139 1587 2190 milites

59 2357 139 2389 tum
158 2358 238 2390 erat
255 2359 371 2390 cetra.
401 2352 502 2393 Vide
517 2354 654 2400 Quint.
672 2356 783 2393 Curt.
860 2354 1087 2393 Parthorum
1119 2354 1227 2405 regis,
1255 2356 1323 2405 qui
1353 2355 1465 2395 illum
1490 2357 1589 2396 obsi·-

58 2416 126 2442 111.
161 2410 198 2442 4.
227 2413 264 2442 ct
297 2406 380 2455 jam
416 2416 550 2446 notata
595 2422 710 2460 supra
745 2410 783 2446 in
861 2409 944 2446 dem
976 2409 1138 2446 Romam
1171 2409 1334 2455 miserat,
1363 2417 1408 2447 ut
1438 2410 1587 2453 dictum

59 2459 150 2496 Vita
168 2459 371 2509 Agricolae,
388 2473 473 2512 cap.
490 2460 556 2501 36.
577 2471 652 2501 not.
671 2476 757 2515 sup.
859 2470 914 2500 est
931 2475 1048 2511 supra
1064 2462 1102 2499 in
1122 2462 1258 2514 Suppl.
1275 2463 1415 2500 Annal.
1431 2475 1506 2501 vu.
1528 2469 1590 2506 12.

914 2512 934 2536 ⁴
962 2516 1143 2554 Palmatis
1162 2516 1334 2555 vestibus.
1385 2516 1475 2563 Dio,
1495 2529 1587 2557 mx.

110 2561 121 2578 ¹
154 2563 311 2600 Postero
326 2563 398 2602 die.
453 2564 607 2603 Sueton.
620 2566 658 2603 in
677 2566 784 2611 Caio,
860 2566 1003 2620 p.653.
1058 2566 1206 2610 'Eo-Oliva
1226 2571 1385 2623 ἀνθηραῖς.
1444 2571 1589 2611 Eorum

58 2627 148 2654 xlx.
171 2616 263 2661 Dio,
283 2629 373 2654 ux.
394 2630 431 2668 p.
447 2615 540 2657 653.
860 2630 989 2668 vestes,
1019 2635 1115 2660 auro
1142 2624 1390 2674 purpuraque
1422 2625 1590 2675 intextae,

109 2665 126 2683 ²
155 2667 412 2722 Quadrigari«)
433 2672 573 2709 habitu.
628 2672 784 2711 Sueton.
862 2685 970 2714 erant
1004 2677 1148 2727 palmis·
1173 2677 1404 2728 floribusque
1444 2680 1593 2729 conspi-

59 2722 133 2760 loc.
149 2722 215 2761 cit.
235 2723 324 2762 Non
340 2724 559 2775 paludatus,
579 2726 788 2777 triumpha·
864 2741 961 2767 cuae.
1028 2731 1089 2767 De
1118 2730 1339 2780 triumphali
1375 2738 1476 2769 veste
1505 2732 1592 2770 vide

57 2775 163 2825 lique
195 2783 307 2825 veste,
336 2778 399 2814 sed
443 2787 486 2816 ut
523 2779 787 2830 quadrigarius
862 2795 949 2833 quae
967 2783 1177 2822 dictasunt
1192 2784 1332 2822 Annal.
1352 2797 1382 2823 1.
1406 2788 1466 2823 15.

56 2829 190 2879 auriga
217 2843 307 2868 cum
338 2830 446 2881 galea
473 2839 511 2870 et
539 2833 674 2870 tunica
708 2833 789 2872 ibat
918 2834 930 2856 ⁵
957 2836 1106 2876 Milites
1125 2837 1331 2877 adlocutus.
1388 2839 1479 2884 Dio,
1502 2850 1592 2878 ux.

61 2883 242 2933 Princeps
256 2884 453 2936 victorque
470 2887 656 2924 scenicus.
863 2902 902 2941 p.
922 2886 1014 2928 653.

111 2931 128 2954 ³
157 2935 332 2978 Darium.
401 2938 541 2978 Filium
591 2940 789 2986 Artabani,
