1768 3236
182 208 259 246 120
665 204 711 241 C.
745 201 1011 241 CORNELII
1039 201 1222 241 TACITI

173 309 343 368 nibu8,¹
368 318 413 355 et
433 305 733 371 inaequalibus
756 306 867 355 locis
889 306 1153 354 haerebant:
1191 305 1472 370 minimeque
1495 305 1716 370 equestris

179 403 233 435 ea
255 380 425 452 pugnae
447 383 584 432 facies
607 395 720 443 erat,
744 384 858 432 cum
877 382 1002 448 aegre
1022 383 1100 430 diu
1124 394 1309 441 stantes,
1333 383 1467 430 simul
1491 376 1746 446 equorum*

180 463 450 528 corporibus
483 461 846 525 impellerentur,
881 477 932 507 ac
973 477 1095 523 saepe
1134 459 1237 525 vagi
1277 477 1457 518 currus,
1498 455 1722 517 exterriti,

180 542 277 590 sine
299 539 553 588 rectoribus
576 538 700 602 equi,
723 550 774 586 ut
798 555 1030 603 quemque
1052 536 1254 586 formido
1277 538 1460 596 tulerat,
1495 548 1722 585 transver-

180 637 273 679 sos,
306 629 385 667 aut
406 616 565 665 obvios
580 618 595 637 ²
617 615 921 664 incursabant.
1680 623 1682 626 ·

245 782 323 828 37.
371 773 449 822 ET
496 770 720 829 Britanni,
754 770 832 835 qui
877 771 1028 819 adhuc
1068 787 1238 837 pugnae
1285 782 1496 835 expertes
1537 760 1719 819 summa

182 854 374 905 collium
395 850 671 906 insederant,
705 859 750 895 et
772 848 1045 911 paucitatem
1068 861 1333 897 nostrorum
1355 849 1514 897 vacui³
1539 862 1724 912 sperne·

183 934 312 990 bant,
336 927 525 994 degredi
547 925 781 990 paulatim,
796 938 841 973 et
858 926 1101 974 circumire
1123 938 1252 993 terga
1269 927 1547 975 vincentium
1571 941 1724 989 coepe·
1764 954 1768 955 ν

186 1020 317 1058 rant:
354 1007 400 1054 ni
422 1005 620 1069 idipsum
642 1004 812 1052 veritus
836 1004 1057 1070 Agricola
1079 1016 1277 1068 quatuor
1299 1004 1506 1075 equitum
1528 1003 1636 1061 alas,
1667 1002 1726 1050 a‘d

189 1086 336 1135 subita
373 1083 482 1132 belli
526 1093 740 1141 retentas,
790 1082 1074 1131 venientibus
1114 1083 1415 1147 opposuisset,
1463 1090 1727 1145 quantoque

188 1163 391 1212 ferocius
410 1172 722 1219 accurrerant,
757 1171 882 1208 tanto
914 1160 1068 1208 acrius
1101 1161 1258 1224 pulsos
1279 1160 1327 1206 in
1349 1158 1510 1223 fugam
1533 1156 1727 1222 disJ‘ecis-

136 1284 139 1285 ⁷
188 1253 269 1290 set.
340 1241 406 1287 lta
429 1237 667 1285 consilium
686 1237 1013 1299 Britannorum
1037 1237 1084 1284 in
1105 1238 1227 1301 ipsos
1249 1253 1463 1285 versum:
1500 1247 1727 1283 transvec-

190 1322 342 1383 taeque
378 1326 609 1381 praecepto
646 1314 774 1362 ducis
799 1314 825 1362 ᾗ
849 1314 1001 1363 fronte
1038 1314 1342 1379 pugnantium
1369 1313 1492 1371 alae,⁴
1523 1327 1727 1359 aversam

190 1395 392 1444 hostiurn
415 1393 559 1441 aciem
581 1394 799 1440 invasere.
853 1395 979 1440 Tum
1003 1393 1116 1440 vero
1141 1392 1398 1456 patentibus
1420 1389 1532 1438 locis
1555 1389 1729 1453 grande

174 1485 235 1522 -et
258 1485 392 1520 atrox
415 1472 757 1536 spectaculum:
795 1471 942 1535 sequi,
978 1471 1237 1528 vulnerare,
1271 1486 1451 1533 capere,
1473 1479 1610 1532 atque
1633 1470 1730 1514 eos·
1762 1514 1767 1518 ,

193 1552 317 1609 dem,
352 1549 532 1597 oblatisae
549 1548 661 1607 aliis,
696 1548 939 1595 trucidare.
1008 1550 1110 1597 Jam
1139 1547 1357 1604 hostium,
1391 1556 1528 1609 prout
1564 1543 1731 1608 cuique

190 1627 428 1694 ingenium
480 1638 596 1685 erat,
649 1637 842 1674 catervae
893 1638 1176 1688 armatorum
1192 1627 1206 1653 ⁵
1258 1622 1548 1689 paucioribus
1602 1628 1733 1687 terga

188 1717 422 1769 praestare,
457 1704 644 1768 quidam
683 1704 881 1751 inermes
904 1704 1027 1751 ultro
1051 1720 1204 1762 ruere,
1237 1719 1289 1750 ac
1314 1719 1361 1749 se
1385 1699 1522 1750 morti
1544 1698 1728 1750 offerre.

188 1782 362 1831 Passim
385 1798 527 1840 arma,
551 1792 596 1829 et
619 1798 830 1845 corpora,
855 1793 900 1829 et
923 1780 1059 1829 laceri
1082 1793 1225 1839 artus,
1249 1791 1290 1827 et
1316 1788 1505 1826 cruenta
1527 1776 1727 1824 humus:

190 1871 236 1907 et
271 1859 518 1923 aliquando
564 1859 700 1906 etiam
724 1858 867 1908 ⁴victis
905 1859 971 1911 ira
1007 1859 1272 1922 virtusque:
1309 1853 1556 1920 postquam
1594 1851 1731 1918 sylvis

191 1935 637 2000 appropinquarunt,
659 1936 868 1995 collecti,
903 1936 1076 2000 primos
1112 1935 1417 2000 sequentium,
1450 1932 1655 1979 incautos
1688 1940 1734 1996 et

190 2014 403 2062 locorum
424 2014 626 2078 ignaros,
650 2013 1082 2078 circumveniebant.
1154 2014 1297 2076 Quod
1322 2011 1370 2058 ni
1392 2009 1611 2073 frequens
1634 2005 1731 2066 ubi-

186 2109 278 2156 que
300 2090 537 2156 Agricola,
571 2091 741 2139 validas
763 2102 809 2139 et
831 2091 1066 2155 expeditas
1083 2091 1297 2152 cohortes
1318 2086 1542 2152 indaginis
1563 2083 1725 2142 modo,

189 2179 236 2215 et
274 2168 416 2216 sicubi
455 2167 649 2217 arctiora
687 2179 832 2227 erant,
875 2180 1053 2232 partem
1092 2167 1317 2233 equitum,
1352 2161 1544 2212 dimissis
1583 2159 1750 2228 equi's,

188 2245 324 2293 simul
361 2245 556 2293 rariores
585 2246 734 2311 sylvas
757 2246 958 2310 equitem
982 2245 1232 2310 persultare
1251 2241 1473 2308 juSsisset,
1490 2250 1732 2303 acceptum

186 2322 374 2386 aliquod
395 2322 564 2375 vulnus
586 2340 669 2386 per
691 2323 878 2371 nimiam
914 2322 1130 2370 fiduciam
1162 2321 1296 2368 foret.
1339 2332 1341 2334 ·
1369 2317 1615 2375 Ceteram,
1649 2313 1768 2385 ubiz-,2-

191 2398 468 2463 compositos
506 2400 650 2448 firmis
689 2399 926 2448 ordinibus
950 2399 1079 2464 sequi
1100 2414 1261 2446 rursus
1283 2395 1459 2453 videre,
1493 2394 1540 2441 in
1573 2385 1768 2458 fugam-³

132 2520 140 2523 Α
189 2476 328 2534 versi,
361 2492 457 2523 non
491 2476 767 2542 agminibus,
802 2488 853 2527 ut
890 2477 1040 2542 prius,
1074 2492 1161 2523 nec
1183 2474 1298 2522 alius
1321 2473 1462 2520 alium
1484 2480 1739 2535 respectan-

250 2618 262 2636 ¹
307 2619 354 2657 H
354 2620 485 2658 ostium
528 2621 746 2671 agminibus.
819 2622 931 2660 Cerri:
1001 2630 1105 2672 terga
1124 2627 1343 2659 trnnsvcctae
1359 2617 1532 2668 equitum
1549 2616 1739 2653 Romano-

192 2674 472 2712 emendandum
492 2675 694 2712 cohortium
713 2675 931 2726 agminibus.
1000 2689 1086 2717 rum
1107 2676 1177 2714 alae
1194 2686 1359 2711 aversam
1371 2672 1640 2711 Britannorum
1659 2668 1738 2709 aci-
1764 2721 1768 2728 Ι

197 2729 298 2770 Vide
316 2735 393 2764 not.
411 2734 449 2764 ct
467 2728 613 2765 emend.
632 2728 679 2764 ad
699 2741 784 2779 cap.
805 2726 870 2771 36,
1001 2742 1057 2766 em
1080 2731 1258 2771 invasere.
1698 2763 1700 2766 .

250 2779 267 2803 ³
297 2782 377 2825 Aut
394 2781 530 2818 ebrios.
583 2782 840 2828 'svmmvm-503,
863 2790 932 2819 aut
1054 2781 1067 2807 ⁵
1115 2783 1305 2826 Catervm
1336 2783 1576 2817 armatorum.
1647 2775 1736 2819 Jam
1766 2779 1768 2781 ’

196 2835 327 2873 obvios
359 2834 503 2883 ,equites
530 2835 817 2885 ,conum-{osque
849 2836 932 2876 Bri·
1002 2836 1180 2881 hostium,
1215 2836 1252 2872 id
1284 2841 1351 2879 ost,
1386 2839 1619 2871 armatorum
1655 2829 1768 2869 Bri-¹

199 2899 343 2930 tannos.
1003 2899 1202 2927 tanum-um
1224 2897 1382 2926 catervae
1401 2885 1647 2935 paucioribus
1661 2883 1740 2931 Ro,-
1763 2904 1768 2926 4

252 2940 266 2962 ³
292 2943 327 2980 V
325 2943 420 2982 acui.
475 2943 582 2988 Quia
599 2956 734 2994 puguae
751 2950 934 2994 expertes
1005 2944 1124 2983 manis
1143 2952 1245 2994 terga
1265 2948 1453 2994 praestare.

252 2995 271 3026 Ὗ
291 2997 540 3048 I'uguantium
559 2997 641 3036 alae’.
697 3000 730 3035 A
750 2997 868 3035 fronte
886 2997 933 3035 ad

1753 3060 1768 3226 ἒ,
