1768 3236
312 182 393 224 AD
421 182 526 223 Lm.
551 181 630 222 DE
658 177 909 222 MORIBUS
937 179 1365 223 GERMANORUM.
1528 187 1609 234 549

64 277 290 333 Medulla
311 287 363 328 de
379 285 568 342 Peuples
588 292 630 327 et
649 286 700 327 de
718 283 892 337 Villes,”
912 283 1011 326 Vol.
1027 298 1061 326 1.
1077 300 1121 340 p.
1145 290 1214 327 14.
1234 281 1419 327 Helvetii
1439 299 1605 342 quoque

58 364 279 406 utebantur
305 361 431 404 literis
464 359 641 411 Graecis,
672 367 775 401 teste
807 358 836 402 J
841 358 926 402 ulio
956 358 1136 411 Caesare,
1174 357 1285 406 Bell.
1317 358 1432 401 Gall.
1468 373 1502 402 1.
1532 356 1606 409 29.

57 436 226 480 vicinia
243 444 300 480 »εἴ
322 434 580 479 commerciis
614 430 779 477 ea'sdein
808 431 950 476 literas
980 448 1176 490 accepere
1207 432 1422 476 Germani.
1447 432 1605 490 Illustr-

61 504 413 563 comes‘Marsili,
428 509 580 566 aliique
594 507 790 551 nonnulla
803 516 1072 551 monumenta
1089 508 1251 551 Graecis
1265 507 1391 551 literis
1410 508 1605 567 inscripta

57 586 102 630 in
121 586 349 631 Germania
368 592 620 641 repererunt,
640 584 712 626 sed
730 599 812 625 non
831 583 954 639 hujus
974 568 1238 640 antiquitatis.

78 680 101 705 -.·
122 660 381 718 Confirmare
418 657 685 717 argumentis.
756 656 995 700 Gronovius
1024 658 1048 700 ὲ
1080 655 1184 701 MS.
1209 659 1412 702 Arundel.
1453 659 1608 714 mallet,

59 734 296 793 adfirmare.
354 735 480 784 Quod
499 750 581 776 non
602 734 752 789 probat
769 731 925 774 tanthm
946 731 1158 785 Emestus,
1178 734 1250 775 sed
1269 733 1466 777 omissum
1481 736 1607 778 etiam

59 809 197 863 vellet,
216 810 483 868 argumentis.
543 808 652 850 Haec
677 806 787 849 enim
805 806 844 848 ei
872 807 1060 849 videntur
1089 815 1224 850 sumta
1258 806 1281 849 ὲ
1312 808 1460 852 Livio:
1493 814 1519 834 “
1541 810 1608 852 Ea

61 899 137 927 nee
168 884 397 936 adfirmare,
426 899 503 926 nec
533 881 720 924 refellere
749 881 792 923 in
820 880 959 923 animo
998 881 1098 924 est.''
1158 882 1220 924 At
1250 882 1351 926 nihil
1385 892 1532 940 peccat
1567 885 1608 927 in

61 958 229 1015 vulgata
245 959 482 1017 scriptura.
540 957 776 1005 Quemdam
806 965 944 998 autem
974 954 1183 999 literarum
1215 957 1460 1001 Graecarum
1487 976 1608 1002 usum

63 1032 175 1090 apud
197 1034 431 1077 Germanos
450 1033 520 1075 diu
539 1031 733 1074 mansisse
753 1029 902 1088 conjici
921 1039 1061 1086 potest
1080 1047 1131 1074 ex
1153 1031 1409 1089 Chilperico,
1429 1034 1501 1091 qui
1519 1034 1610 1078 lite-

63 1122 129 1150 ras
148 1107 274 1151 literis
295 1107 515 1151 Gallorum
545 1105 713 1158 addidit,
732 1105 900 1148 etsicut
928 1103 1069 1148 Graeci
1087 1105 1241 1149 habent
1260 1122 1420 1166 omega,
1451 1124 1498 1162 ιε,
1528 1109 1608 1162 tlte,

63 1183 151 1235 uui,
183 1182 249 1225 ita*
268 1182 522 1239 subscriptos
559 1181 770 1223 literarum
799 1179 1053 1222 characteres
1085 1180 1280 1236 vulgavit,
1318 1201 1348 1224 ω
1367 1184 1401 1234 ψ
1424 1190 1457 1226 Ζ
1476 1190 1512 1226 Δ
1528 1201 1541 1226 .-
1571 1191 1611 1227 et

64 1257 177 1300 misit
196 1254 388 1314 epistolas
417 1258 462 1300 in
483 1256 694 1299 universas
714 1253 899 1297 civitates
919 1254 1049 1311 regni,
1071 1262 1115 1296 ut
1133 1255 1190 1296 sic
1214 1256 1336 1311 pueri
1355 1257 1609 1301 docerentur.

67 1332 296 1389 Gregorius
322 1331 589 1383 Turonensis,
612 1329 724 1371 Hist.
756 1343 800 1370 V.
820 1335 892 1371 45.
924 1328 990 1370 Ex
1013 1327 1174 1371 Latinis
1206 1328 1333 1372 literis
1356 1329 1381 1372 ’ἒι
1402 1331 1609 1388 Gregorio

64 1406 266 1464 expressis
285 1405 534 1464 conjecerim
554 1420 631 1465 pro
654 1410 687 1453 Z
703 1403 1000 1452 emendandum
1025 1409 1072 1457 Θ,
1092 1411 1134 1460 ες
1156 1409 1185 1446 Y
1201 1419 1279 1460 pro
1299 1411 1349 1447 Δ.

126 1556 196 1599 CA
206 1571 247 1600 Ρ.
267 1563 310 1600 4.
344 1556 485 1600 Nullis
503 1556 598 1600 aliis
617 1554 798 1599 aliarum
819 1556 1050 1599 nationum.
1111 1555 1226 1598 Aliis
1256 1556 1482 1602 redundare
1502 1555 1612 1599 vide-

66 1637 147 1683 tur,
166 1640 213 1674 ut
225 1632 316 1690 jam
336 1631 497 1674 monuit
511 1629 696 1688 Lipsius,
709 1630 928 1688 omisitque
949 1629 1180 1674 Cluverius.
1213 1629 1398 1673 Pichena
1413 1633 1613 1683 tentabat,

66 1705 192 1748 nullis
209 1706 549 1764 alienigenarum.

116 1777 358 1838 'Propriam
375 1788 415 1824 et
431 1781 644 1824 sinceram.
684 1779 786 1824 Non
804 1780 861 1823 ita
879 1780 985 1824 bene
1006 1780 1110 1823 MS.
1127 1779 1354 1836 Bamberg.
1368 1787 1614 1837 perpetuam

67 1862 106 1898 et
123 1855 341 1899 sinceram.

125 1929 293 1987 Magna
321 1945 508 1987 corpora,
538 1938 577 1974 et
605 1931 768 1974 tantam
797 1930 856 1974 ad
882 1931 1079 1988 impetum
1106 1928 1266 1974 valida.
1327 1930 1449 1973 Male
1475 1931 1614 1975 MSS.

69 2002 293 2060 Bamberg.
323 2013 365 2048 et
382 2005 582 2051 Arundel.
603 2021 773 2062 corpora
798 2006 963 2048 tantzlm
992 2005 1148 2062 impetu
1177 2002 1338 2047 valida.
1398 2004 1614 2048 Acidalius

69 2079 218 2122 frustra
236 2081 436 2133 emendat,
454 2079 526 2122 sed
543 2095 620 2136 pro
640 2087 691 2122 et.
739 2080 806 2123 Eo
828 2095 947 2122 sensu
966 2087 1003 2122 et
1023 2078 1245 2136 saepissime
1266 2087 1499 2136 usurpatur.

129 2226 199 2270 CA
208 2242 250 2270 P.
270 2234 312 2272 5.
344 2228 597 2287 ΙΙαιηὶιΙὶον-
614 2253 625 2264 -
642 2252 654 2264 ·
671 2229 910 2272 ·ventosio'r.
961 2227 1145 2285 Lipsius,
1169 2225 1385 2271 Cluverius
1405 2235 1446 2271 et
1467 2226 1618 2270 Kirch-

71 2301 248 2344 maierus
267 2303 483 2346 emendant
502 2290 718 2345 huniilior·
735 2327 746 2339 ·
764 2327 776 2339 ·
793 2302 1064 2349 -2-erticosior.
1125 2301 1255 2349 Quod
1274 2301 1442 2344 minime
1463 2303 1619 2357 proba·

70 2375 212 2429 verim,
235 2376 331 2418 cum
351 2377 483 2419 adhuc
502 2377 783 2420 humidissima
805 2377 857 2420 sit
876 2378 963 2420 haec
985 2375 1222 2419 Germaniae
1252 2391 1361 2431 pars,
1390 2375 1617 2419 humidior-

70 2465 151 2507 que
184 2450 322 2502 fuerit,
356 2451 520 2508 quando
550 2451 735 2494 informis
766 2451 896 2504 terris,
931 2450 1048 2494 cultu
1079 2459 1330 2507 aspectuque
1361 2449 1485 2493 tristis
1514 2459 1615 2493 erat.

71 2524 239 2573 Quanto
270 2534 407 2567 autem
439 2524 562 2568 altior
588 2526 726 2568 vei-siis
758 2525 966 2568 Noricum
995 2541 1043 2568 ac
1080 2522 1356 2577 Pannoniam,
1394 2531 1507 2568 tanto
1537 2523 1617 2566 fuit

69 2598 289 2641 ventosior.
335 2598 553 2642 -Altiorem
571 2615 660 2642 esse
685 2608 799 2656 patet
829 2615 879 2642 ex
911 2599 1012 2656 ipsis
1042 2598 1204 2655 legibus
1229 2598 1460 2642 libramenti
1491 2614 1616 2655 aqua-

70 2689 176 2716 rum.
238 2672 447 2716 Praetereaei
465 2673 702 2716 verticosior
720 2689 772 2716 ue
792 2673 941 2717 Latine
958 2674 1122 2731 quidem
1139 2672 1288 2715 dicitur
1307 2673 1387 2715 hoc
1407 2688 1541 2716 sensu.

130 2747 387 2804 Plepumque
403 2748 644 2804 improcera.
705 2747 858 2791 Manet
878 2748 1061 2805 Lipsius,
1074 2747 1288 2805 pleraque.

131 2820 322 2878 Propitii
355 2837 412 2864 an
440 2821 557 2864 irati.
616 2821 682 2865 Ita
714 2821 852 2865 MSS.
882 2822 1021 2866 Vatic.
1056 2827 1164 2864 1518
1196 2830 1238 2864 et
1266 2827 1397 2870 4498.
1435 2837 1484 2864 ac
1523 2820 1617 2864 libri

4 2899 7 2902 ’
74 2909 215 2939 omnes
234 2895 344 2939 editi.
404 2895 457 2940 In
476 2895 614 2940 MSS.
634 2895 770 2941 Vatic-
796 2897 905 2943 1862
921 2903 964 2940 et
983 2897 1112 2952 2964.
1128 2895 1359 2952 propitiine
1375 2910 1430 2938 an
1451 2895 1570 2959 irati,
