1768 3236
169 190 252 234 614
627 189 791 229 NOTAE
820 187 889 227 ET
916 187 1382 228 EMENDATIONES'

234 292 425 336 Paratus
443 290 717 334 simulatione.
779 290 849 333 Sic
870 289 1008 334 MSS.
1027 289 1163 333 Vatic.
1183 297 1223 332 et
1241 289 1334 332 libri
1349 290 1460 333 editi.
1520 289 1708 349 Margini

171 375 308 411 tamen
337 367 440 410 MS.
472 365 606 408 Vatic.
655 371 782 413 3429.
820 364 1085 420 adscriptum,
1127 363 1234 407 alius
1262 366 1387 408 habet
1420 364 1710 410 simulationis.

95 488 100 491 ,
174 441 331 487 Mallet
352 441 565 494 Ernestus,
589 438 746 497 parata¹
765 439 1035 482 simulatione.

235 514 552 559 Proconsulari.
612 513 766 556 Mallet
787 513 854 556 Cl.
874 515 924 556 de
942 513 983 556 la
1004 513 1196 566 Bleterie,
1220 514 1526 571 proconsulare.

239 589 402 637 Quibus
431 590 555 632 moris
587 595 656 631 est.
716 587 782 630 Ita
812 587 916 630 MS.
946 588 1081 631 Vatic.
1115 594 1245 637 3429.
1275 598 1317 632 et
1347 589 1471 634 editio
1505 589 1709 649 princeps.

178 664 298 710 Male
321 663 549 708 Beroaldus
571 671 613 705 et
628 662 874 705 recentiores
895 662 1082 715 omisere,
1112 670 1181 705 est.

239 739 309 783 Εό
342 738 476 782 laudis
507 737 704 780 excedere.
764 736 918 780 Mallet
952 736 1133 793 Lipsius,
1174 737 1360 780 accedere
1394 737 1460 780 vel
1493 737 1710 781 escenderez
1737 757 1742 763 ·

180 814 404 871 Eleganter
434 821 669 868 utrumque.
730 811 822 853 Etsi
869 811 927 853 ibi
961 812 1132 854 fortasse
1164 811 1309 854 melius
1340 812 1462 854 fuerit
1505 812 1710 868 vulgatam

179 888 365 934 excedere
397 903 481 930 non
499 901 679 928 movere.
739 884 852 927 Nam
872 901 924 927 eo
944 887 1069 928 modo
1089 901 1171 928 non
1191 886 1314 928 semel
1333 869 1514 943 quuitdr
1524 885 1712 929 Valerius

181 963 413 1014 Maximus,
443 969 635 1018 tanquam
659 974 704 1001 v.
734 960 775 1004 6.
796 966 839 1002 4.
898 959 1116 1002 Ruhnken.
1148 961 1199 1002 ad
1233 960 1363 1003 Rutil.
1383 960 1495 1017 Lup.
1514 966 1586 1009 49.

242 1037 420 1081 Nullum
439 1035 670 1092 reipublicae
688 1049 818 1077 usum.
849 1033 913 1077 Ita
929 1033 1147 1077 Mercerus
1166 1043 1207 1077 et
1224 1028 1481 1078 recentiores.
1509 1034 1560 1079 In
1575 1035 1713 1081 MSS.

181 1112 318 1157 vatic.
337 1119 379 1154 et
398 1109 643 1154 editionibus
663 1109 877 1163 veteribus,
908 1108 1067 1152 nullum
1088 1110 1150 1153 rei
1159 1116 1256 1167 post
1271 1125 1399 1152 usum.

242 1259 364 1303 CAP.
382 1265 453 1303 43.
487 1256 712 1302 Extraneis
731 1257 854 1300 etiam
873 1256 1113 1314 ignotisque.
1171 1256 1261 1299 Viri
1292 1257 1440 1300 eruditi
1471 1258 1523 1301 ad
1541 1241 1717 1314 Agrico-

181 1334 266 1378 lam
293 1335 488 1376 deferunt
532 1333 732 1375 Graecum
761 1330 979 1386 Antiphili,
1022 1330 1252 1386 Byzantini,
1295 1331 1560 1388 epigramma,
1607 1331 1714 1377 forte

183 1409 284 1451 olim
302 1408 343 1450 in
362 1406 571 1463 Agricolae
591 1406 690 1448 villa
709 1405 964 1461 inscriptum,
990 1407 1102 1463 quod
1127 1421 1234 1448 nunc
1254 1415 1367 1450 extat
1386 1407 1427 1449 in
1445 1406 1714 1464 Anthologla,

184 1483 278 1528 libr.
301 1498 334 1526 1.
363 1482 450 1526 Tit.
471 1487 541 1529 37.
603 1481 700 1538 [ΒΥ.
719 1480 803 1523 An.
825 1479 904 1526 Gr.
923 1479 987 1523 T:
1003 1493 1058 1523 11.
1094 1485 1188 1524 180.
1221 1482 1427 1536 xxx1x.]

413 1628 595 1687 Κρηναῖαι
615 1625 780 1679 λιβάδες,
810 1624 850 1668 τί
867 1625 1105 1684 πεφεύγοι-τες
1133 1629 1204 1669 ποῦ
1221 1627 1330 1670 τόσον
1349 1625 1472 1687 ῧὸωςς
1495 1644 1505 1657 ’

472 1720 536 1768 Τίς
557 1718 657 1770 φλὸξ
678 1716 831 1767 ἀενάους
853 1716 1004 1771 ἔσβεσεν
1024 1717 1174 1770 ἀελίους

413 1807 609 1867 Δάκρυσιν
625 1808 855 1867 Ἀγρικόλᾳο
874 1807 1090 1867 τετρῦμεθα·
1110 1808 1184 1850 πᾶν
1202 1809 1231 1850 δ’
1251 1806 1333 1851 ὅσον
1351 1809 1436 1864 ἡμῖν

460 1895 541 1941 Ἠν
560 1898 684 1952 ποί-ὂν,
714 1902 734 1950 ἡ
754 1897 870 1946 κείνου
890 1899 1000 1950 διψάς
1021 1897 1100 1956 ἔχει
1120 1896 1264 1950 σποδιή.

182 2045 405 2103 Eleganter
421 2045 541 2087 vertit
559 2044 740 2086 eruditus
764 2043 936 2092 Grotius
956 2043 997 2086 iu
1016 2043 1120 2086 MS.
1143 2041 1292 2086 Latina
1311 2041 1387 2084 sua
1405 2040 1685 2100 Anthologifi:
1754 2040 1756 2042 ’

427 2195 454 2214 “
474 2191 565 2237 Quo
585 2190 704 2230 fontis
723 2189 870 2238 latices,
901 2189 980 2242 quo
1000 2189 1111 2242 copia
1129 2194 1254 2228 vestra
1273 2188 1458 2229 recessit?

533 2278 744 2329 Perpetuas
764 2277 862 2317 Solis
881 2277 967 2329 quis
986 2277 1093 2316 calor
1111 2276 1238 2315 hausit
1252 2276 1403 2327 aquas‘l

480 2362 676 2415 ,Agricolae
698 2363 808 2402 luctu
827 2362 1113 2402 consumimur:
1143 2361 1259 2408 illius,
1288 2362 1377 2400 ante

560 2449 745 2495 Humida,
771 2462 876 2489 nunc
900 2449 999 2489 fiunt
1017 2449 1298 2501 pulverulenta,
1327 2446 1427 2488 siti.”

240 2599 378 2644 Aliud
413 2614 550 2659 agem.
612 2598 728 2642 Bene
767 2601 990 2644 Rhenanus
1029 2607 1072 2643 et
1109 2597 1370 2643 recentiores.
1430 2595 1479 2640 Iu
1512 2593 1720 2639 veteribus

184 2674 444 2727 editionibus,
475 2673 596 2717 alius.

244 2746 434 2791 Laetatus
454 2756 513 2791 est
522 2770 564 2786 ·-·
578 2771 592 2785 ο
607 2748 778 2792 ooblitus
797 2756 867 2792 est.
926 2748 1186 2793 Alterutrum
1220 2754 1277 2791 est
1307 2745 1516 2799 redundat,
1544 2751 1592 2788 ut
1609 2741 1722 2792 rect).

183 2823 342 2867 monuit
360 2823 568 2868 Muretus.
