1768 3236
279 208 358 246 AD
388 206 489 245 LIB;
518 204 594 244 DE
623 203 871 242 MORIBUS
899 202 1324 268 GERMANORUM.
1495 205 1574 257 579

36 295 241 365 relegavst.
300 307 372 351 Sic
401 305 575 363 imperio
606 305 800 347 Romano
818 304 884 346 vel
913 304 988 346 sua
1004 303 1057 353 ¹in
1082 303 1198 346 ruina
1217 301 1348 345 defuit
1367 300 1438 344 illa
1456 300 1576 344 clari-

36 393 111 437 tas,
132 383 215 440 qua
235 382 360 438 vulgo
379 382 529 424 cadunt
543 379 741 436 imperia3
772 372 1022 436 ultimusque
1042 379 1130 435 ejus
1147 377 1350 433 Princeps
1369 375 1469 419 vixit
1488 391 1573 420 suae

36 457 224 514 dignitati
243 471 399 513 suoque
418 454 591 511 imperio
610 462 830 510 superstes.

4 543 38 581 Ἄ
95 530 147 574 ln
165 531 244 573 hac
265 530 449 573 foeditate
470 529 662 572 sordebat
682 527 816 580 Italia,
841 526 935 569 cum
964 527 1129 569 tandem
1161 524 1399 568 melioribus
1420 525 1577 576 dintur-

35 604 304 661 nioribusque
324 603 529 661 auspiciisa
545 618 651 646 anno
670 603 714 646 J.
736 602 790 645 C.
813 607 910 645 800.
941 599 1160 657 imperium
1192 599 1369 642 restituit
1399 598 1575 659 Germa.-

36 694 182 723 norum
203 679 363 735 sanguis
386 678 718 734 Francorumque
733 678 857 719 decus
880 690 905 718 c
919 689 946 718 A
959 690 987 718 R
999 690 1027 717 ο
1043 689 1066 716 1.
1080 689 1103 715 v
1118 689 1138 717 s
1174 688 1210 716 M
1228 688 1254 715 A
1270 688 1297 715 G
1311 688 1341 716 N
1355 689 1379 714 v
1392 688 1429 724 s,
1462 667 1572 715 'Plvs

38 768 68 798 Β
82 768 110 797 E
122 768 149 797 ι.
159 767 176 796 1
189 769 220 797 x
255 767 286 796 A
299 769 323 795 v
335 767 363 796 o
376 767 402 795 v
416 767 436 795 s
449 768 478 795 Τ
491 767 517 794 ν
532 767 568 794 s.
607 751 752 794 Tantae
773 750 914 808 gloriae
935 751 1195 792 fundamenta
1208 757 1397 805 posuerat
1418 746 1576 790 Clodo-

37 843 136 872 vens
156 828 342 884 Magnus
362 827 492 870 victor
511 826 768 871 fortissimus.

97 901 261 951 Quibus
282 911 420 945 autem
435 901 667 953 virtutibus,
683 900 764 957 qua
783 899 1044 943 consiliorum
1060 898 1098 954 vi
1120 899 1228 948 facta
1243 897 1293 940 sit
1314 904 1424 940 tanta
1439 912 1574 939 rerum

38 977 212 1020 mutatio
233 978 353 1034 juvat
381 992 434 1019 ex
463 976 556 1032 ipsa
583 975 751 1018 victrice
773 983 894 1030 gente
913 974 1086 1025 discere,
1117 988 1211 1030 quae
1241 971 1324 1014 sine
1350 967 1575 1014 verborum

38 1050 248 1094 lenociniis
274 1067 356 1093 suae
386 1049 526 1107 gloriae
544 1065 686 1092 causas
715 1059 758 1092 et
783 1050 1048 1109 instrumenta
1078 1030 1270 1090 nobiliter
1288 1042 1508 1103 explicavit
1535 1046 1578 1089 in

39 1125 278 1182 praefatione
309 1124 436 1181 Legis
467 1124 637 1168 Salicae:
668 1123 782 1171 illam
814 1125 889 1166 sub
917 1122 1100 1165 omnium
1123 1121 1253 1164 oculis
1285 1121 1430 1178 subjici
1451 1129 1577 1177 *tanto

33 1200 192 1260 gratius
211 1215 299 1258 esse
317 1200 456 1251 debet,
476 1208 627 1256 quanto
647 1198 774 1241 rarius
793 1206 854 1256 est
873 1197 1249 1254 praestantissimum
1279 1195 1379 1255 illud
1404 1195 1580 1252 antiqui-

9 1264 13 1265 ⁷
40 1275 134 1318 tatis
151 1276 463 1317 monumentum
489 1276 541 1316 ab
562 1273 661 1329 ipsis
681 1272 968 1334 viris-historiae
995 1271 1279 1315 eruditionisve
1298 1269 1470 1324 curiosis
1495 1269 1578 1331 legi

41 1358 114 1392 aut
148 1343 309 1406 inspici.
367 1354 396 1374 “
418 1348 534 1394 Gens
570 1349 823 1390 Francorum
856 1346 1017 1402 inclyta,
1057 1355 1222 1399 auctore
1262 1344 1360 1387 Deo
1399 1344 1578 1396 condita,

38 1423 159 1467 fortis
176 1423 219 1465 in
246 1423 382 1476 armis,
411 1423 529 1465 firma
559 1422 673 1479 pacis
706 1422 872 1474 foedere,
903 1421 1106 1477 profunda
1125 1419 1166 1462 in
1187 1418 1374 1471 consilio,
1405 1433 1579 1475 corpore

39 1496 190 1541 nobilis
224 1507 266 1541 et
297 1497 528 1549 incolumis,
558 1495 972 1541 candoreet'tforma
1005 1494 1180 1550 egregia,
1211 1495 1357 1556 audax,
1388 1493 1508 1535 velox
1539 1501 1581 1535 et

41 1587 200 1629 aspera,
228 1588 359 1628 nuper
388 1573 441 1615 ad
467 1571 724 1631 Catholicam
755 1570 880 1614 fidem
900 1569 1108 1622 conversa,
1140 1569 1332 1612 immunis
1352 1570 1405 1611 ab
1424 1567 1579 1610 haeresi.

31 1644 165 1690 ·Dum
196 1647 326 1689 adhuc
348 1655 547 1690 teneretur
567 1646 766 1699 barbarie,
795 1645 1019 1703 inspirante
1041 1643 1139 1687 Deo
1167 1629 1373 1702 inquirens
1391 1642 1580 1685 -scientiae
1629 1683 1633 1684 ⁷

42 1720 216 1774 clavem,
245 1722 366 1779 juxta
401 1736 560 1763 morem
606 1737 770 1764 suarum
818 1719 1060 1777 qualitatum
1099 1718 1328 1760 desiderans
1360 1717 1580 1780 justitiam,

0 1848 2 1851 ,
38 1796 278 1840 custodiens
306 1796 517 1852 pietatem,
552 1795 804 1839 dictaverunt
839 1793 1018 1837 Salicam
1050 1791 1208 1848 Legem
1236 1807 1427 1848 proceres
1454 1790 1582 1847 ipsius

3 1878 5 1881 ’
42 1871 192 1928 gentis,
224 1870 294 1928 qui
314 1856 409 1913 tunc
431 1870 628 1927 temporis
649 1871 760 1927 apud
778 1869 964 1911 eamdem
984 1875 1098 1910 erant
1117 1874 1319 1910 rectores·
1335 1890 1348 1901 ·
1364 1889 1376 1900 ·
1393 1866 1473 1909 -At
1494 1865 1581 1917 ubi,

47 1943 148 1989 Deo
166 1947 342 1998 favente,
375 1944 608 1987 Clodoveus
625 1953 813 1987 comatus
834 1951 875 1986 et
895 1942 1078 1999 pulcher,
1100 1950 1140 1984 et
1169 1926 1344 1995 inclytus
1363 1929 1434 1982 rex
1456 1940 1584 2005 Fran-

46 2034 191 2062 corum
211 2019 381 2075 primus,
412 2019 568 2075 recepit
589 2018 854 2061 Catholicum
875 2017 1140 2074 baptismum,
1172 2014 1367 2072 quidquid
1385 2014 1522 2059 minus
1542 2013 1584 2055 in

33 2093 181 2153 ‚Paeto
198 2094 425 2136 habebatur
444 2093 650 2145 idoneum,
666 2109 740 2150 per
755 2091 973 2150 praecelsos
985 2106 1099 2146 reges
1120 2089 1396 2141 Clodoveum,
1418 2087 1585 2130 Childe-

46 2169 211 2210 bertum
248 2178 288 2210 et
328 2167 568 2214 Hlotarium
605 2168 683 2210 fuit
721 2166 893 2210 lucidius
926 2166 1199 2216 emendatum,
1238 2172 1279 2205 et
1318 2170 1585 2230 procuratum

35 2241 278 2285 Decretum
296 2242 390 2285 hoc.
449 2242 585 2297 Vivat,
601 2243 671 2299 qui
690 2242 872 2284 Francos
887 2240 1017 2296 diligit
1038 2238 1240 2290 Christus,
1256 2252 1399 2280 eorum
1415 2250 1584 2292 regnum

47 2318 266 2370 custodiat,
285 2325 327 2359 et
345 2326 523 2359 rectores
542 2318 593 2359 de
612 2317 764 2359 lumine
785 2331 867 2359 suae
886 2315 1026 2372 gratiae
1052 2313 1219 2370 repleat,
1241 2311 1467 2355 exercitum
1489 2324 1585 2366 pro-

42 2399 173 2448 tegat,
191 2390 286 2433 fidei
305 2399 569 2437 monumenta
589 2391 754 2444 tribuat,
773 2391 886 2447 pacis
907 2389 1056 2446 gaudia
1076 2397 1116 2430 et
1131 2386 1380 2439 felicitatem,
1399 2394 1586 2440 tempora

49 2465 344 2508 dominantium
361 2464 569 2526 Dominus
589 2465 777 2508 Christus
796 2465 824 2508 J
828 2463 926 2508 esus'
941 2463 1091 2520 pietate
1110 2449 1328 2506 conducat.
1387 2459 1495 2513 Haeq
1526 2466 1587 2500 est

35 2527 159 2582 ⁴enim
185 2555 296 2595 gens,
327 2554 418 2596 quae
437 2539 554 2582 fortis
587 2542 686 2582 dum
722 2549 829 2582 esset
860 2548 902 2581 et
939 2540 1089 2580 robore
1124 2535 1268 2588 valida,
1297 2521 1586 2576 Romanorum

34 2653 40 2659 .
39 2614 193 2673 jugum
211 2613 471 2675 durissimum
492 2614 542 2656 de
557 2614 639 2657 suis
654 2614 879 2674 cervicibus
893 2612 1072 2658 ,excussit
1088 2611 1330 2668 pugnando;
1350 2616 1472 2664 atque
1491 2614 1586 2663 post

11 2709 14 2711 >
49 2688 299 2744 agnitionem
325 2688 532 2744 baptismi,
562 2698 794 2731 sanctorum
815 2688 1050 2743 Martyrum
1076 2671 1281 2750 corpora&v
1295 2697 1386 2740 quae
1407 2679 1588 2724 Romani

36 2762 147 2824 {igne
167 2771 462 2816 cremaverunt,
490 2761 554 2805 vel
569 2764 683 2813 ‘ferro
703 2762 1015 2816 trucidaverunt,
1040 2744 1339 2824 truncaveruut,
1357 2765 1428 2799 aut
1447 2753 1587 2797 bestiis

38 2835 269 2898 ,laceranda
294 2839 567 2895 projecerunt,
594 2838 805 2903 sumti-rose
835 2852 934 2880 auro
954 2845 994 2878 et
1019 2834 1226 2892 lapidibus
1254 2830 1440 2898 pretiosis
1469 2828 1589 2872 exor-v

54 2911 201 2954 navit?
