1768 3236
105 205 296 246 J.c.45.
352 229 356 232 -
526 197 671 240 LIBRI
702 198 906 239 DECIMI
936 201 1255 242 ANNALIUM.
1373 197 1393 205 “
1577 210 1657 252 419

101 294 222 357 ritus
242 322 304 355 ne
326 304 449 354 diem
472 318 610 353 suum
631 305 855 353 natalem¹
890 306 952 353 ob
989 303 1195 354 futuram
1217 305 1423 371 eclipsim
1458 307 1655 376 inauspi-

105 396 262 434 catum
295 384 485 431 haberet
518 382 736 447 populus,
770 381 1053 430 denuntiavit
1066 385 1083 404 ²
1117 388 1151 412 “
1176 384 1394 433 Calendis
1426 387 1656 452 Augustis

108 466 143 491 “
165 462 325 511 Solem
348 478 409 508 ex
433 461 686 525 quadrante
701 462 714 487 ³
739 458 1063 531 defecturum3
1099 460 1241 526 idque
1262 478 1359 509 non
1381 462 1451 510 ira
1467 464 1650 525 Defim,

107 544 144 568 “
161 538 243 587 sed
277 537 402 586 statis
435 549 612 597 naturae
646 538 826 604 legibus
863 538 1160 604 contingere:
1196 539 1355 588 Solem
1391 539 1653 591 interventu

107 626 143 659 “-
164 622 314 670 Lunae
330 621 580 669 occultari:
615 622 785 686 pariter.
807 623 990 670 Lunam
1013 622 1217 670 hebetari
1249 622 1298 670 in
1327 622 1420 671 suis
1442 624 1653 690 deliquiis

111 703 143 728 “
157 710 296 750 terrae
326 700 544 764 objectu:
603 710 793 764 propter
837 699 1114 765 multivagos
1157 700 1306 749 Lunae
1345 700 1534 760 flexus?
1565 702 1652 751 hos
1695 744 1703 745 ff

103 777 348 841 “quidem
387 776 626 842 utriusque
665 777 824 825 sideris
864 776 1072 825 defectus
1108 793 1205 824 non
1241 794 1339 826 esse
1371 789 1652 840 menstruos,

103 859 146 893 ‘⁵0'
164 865 315 903 certos
350 866 506 903 tamen
528 849 758 903 vducentis
790 855 950 921 viginti
988 856 1134 904 tribus
1156 855 1390 904 mensibus
1408 860 1423 884 ⁵
1455 855 1505 903 in
1542 868 1653 906 suos

75 937 143 970 -“-
162 933 300 980 orbes
343 932 509 980 redire.
578 934 677 981 Has
720 944 896 982 naturae
940 933 1066 998 leges
1113 932 1294 995 Graecis
1307 930 1326 955 ⁶
1373 934 1653 998 jamdudum

104 1014 146 1048 (ἑ
161 1009 488 1073 deprehensas,
510 1011 635 1074 apud
667 1011 907 1059 Romanos
929 1011 1119 1075 Sulpicii
1154 1011 1282 1059 Galli
1295 1015 1312 1041 ⁷
1347 1009 1534 1064 scientia
1566 1027 1652 1059 no-

100 1086 375 1146 ,-“.bilitatas,
410 1103 468 1134 eo
501 1087 652 1135 edicto
690 1088 931 1152 publicari,
982 1100 1036 1136 ut
1070 1082 1127 1136 'in
1165 1088 1254 1136 hac
1290 1088 1468 1153 imperii
1504 1088 1652 1136 litera-

101 1169 142 1205 §⁶
164 1179 366 1229 rumque
400 1164 504 1213 luce
535 1164 747 1230 quisque,
770 1177 898 1213 metu
921 1165 1116 1224 solutus,
1150 1182 1260 1213 vera
1282 1166 1341 1213 de
1362 1165 1528 1214 natura
1551 1182 1653 1214 sen-

105 1251 142 1276 “
165 1246 261 1306 tiat,
293 1264 380 1296 nec
403 1259 619 1317 monstra·
634 1238 969 1313 expavescat-'⁹
1037 1248 1142 1296 Tali
1187 1248 1378 1314 quidem
1400 1248 1551 1296 edicto
1584 1249 1652 1296 in-

101 1329 270 1407 claruit
288 1331 495 1380 sideralis
517 1330 750 1381 scientia:⁸
784 1344 830 1382 at
848 1333 896 1381 in
918 1332 1047 1399 vulgi
1070 1332 1231 1380 animis
1269 1349 1454 1397 semper
1484 1333 1650 1382 insedit

914 1565 1083 1611 fallitur,
1115 1564 1173 1602 vel
1211 1564 1350 1602 fallunt
1382 1564 1465 1614 ejus
1490 1562 1652 1600 librarii.

926 1621 1016 1657 Non
1050 1626 1139 1670 post
1174 1619 1358 1656 ducentos
1392 1618 1523 1668 viginti
1558 1617 1655 1653 duos

923 1687 1080 1715 menses,
1107 1673 1169 1710 scd
1195 1680 1279 1723 post
1307 1672 1490 1713 ducentos
1523 1670 1655 1721 viginti

102 1569 111 1597 ἕ
150 1560 176 1583 ·'
206 1561 322 1611 Suum
363 1564 538 1601 natalem.
606 1564 764 1602 Sueton.
800 1565 838 1601 in
866 1566 878 1599 ,1

111 1615 252 1653 Claud.
282 1629 331 1654 11.
388 1615 567 1655 Claudius
611 1624 723 1656 natus
769 1625 836 1661 est,

107 1668 215 1707 Julio
263 1669 443 1713 Antonio,
493 1671 607 1709 Fabio
654 1672 839 1722 Africano

108 1724 329 1770 consulibus,
357 1726 407 1762 A.
425 1725 473 1762 U.
488 1726 533 1763 C.
554 1731 645 1770 744.
665 1729 714 1763 Α.
733 1729 779 1764 C.
800 1731 839 1771 9.

109 1777 275 1815 Kaiend.
318 1779 516 1829 Augustis,
563 1776 777 1830 Lugduni,⁴
799 1794 840 1818 eo

104 1831 187 1880 ipso
213 1831 286 1877 die,
313 1845 382 1882 quo
408 1833 569 1882 primum
595 1847 666 1871 ara
693 1833 743 1870 ibi
762 1833 841 1871 Αιι-

105 1889 219 1934 gusto
251 1885 423 1923 dedicata
453 1893 523 1924 est.
579 1888 624 1924 ln
650 1887 840 1924 veteribus

107 1938 358 1976 Kalendariis
383 1939 456 1977 hoc
473 1941 540 1978 (lie
564 1948 721 1979 notatur
740 1941 775 1977 N
788 1943 843 1978 Α-

107 1991 240 2029 TAL.
265 1993 355 2030 ‘'1‘1.
393 1993 654 2032 CLAVDII
702 1995 844 2031 GER-

112 2045 356 2083 MANlc-I.

110 2149 136 2190 6
161 2096 179 2114 ²
223 2099 494 2138 Denuntiazit.
550 2100 639 2147 Dio,
686 2114 758 2139 Lx.
804 2115 843 2153 p.

165 2157 189 2178 o

140 2157 202 2225 83·
226 2206 287 2243 Ex
332 2208 553 2256 quadrante.
637 2208 727 2246 Fuit
772 2209 841 2246 illa

106 2259 259 2311 eclipsis
301 2261 419 2298 trium
465 2262 685 2311 digitorum.
741 2263 840 2300 Vide

31 2354 38 2357 ἡ
109 2313 324 2361 Petavium,
354 2315 398 2352 de
415 2315 607 2353 Doctrina
626 2322 841 2366 temporum,

108 2372 481 2470 >¹129Lunoeflews·
535 2423 659 2460 Addit
678 2423 837 2469 Plinius,

108 2485 157 2511 11.
181 2479 241 2511 10.
258 2479 415 2524 propter
440 2476 694 2524 obliquitatem
712 2477 839 2528 Signi-

95 2527 195 2578 feri,
216 2531 249 2565 A
257 2527 395 2577 lignee,
422 2529 484 2566 the
500 2529 653 2575 Zodiuc,
671 2537 708 2568 ot
724 2539 839 2569 errat.

108 2581 148 2618 Si
170 2582 348 2619 menstrui
366 2594 441 2620 non
459 2590 548 2620 sunt
564 2583 764 2633 utriusque
788 2585 849 2622 si-.

107 2634 206 2672 deris
221 2635 404 2678 defectus.
423 2636 463 2673 id
482 2637 666 2686 contingit
687 2646 841 2688 propter

107 2701 250 2726 errores
280 2689 412 2731 Lunae,
447 2702 534 2740 quae
568 2692 616 2727 ab
646 2691 841 2742 Eclipticzi

74 2788 76 2790 v
101 2742 300 2787 ,deflectiu
340 2755 416 2780 non
442 2744 530 2781 vere>
562 2752 717 2795 propter
745 2745 843 2782 obli-

111 2796 297 2846 quitatem
319 2795 507 2845 Signiferi.

159 2847 179 2869 ς
209 2848 394 2887 Ducentis
421 2850 561 2901 viginti
577 2850 698 2889 tribus
714 2851 846 2889 mensi-

109 2901 190 2940 bus.
245 2902 314 2940 Ait
333 2902 495 2950 Plinius,
524 2915 573 2942 11.
595 2908 657 2951 13,
675 2905 844 2943 ducentis

109 2955 248 3016 viginti
279 2956 419 2996 duobus
447 2958 641 2997 mensibus.
696 2960 751 2996 At
784 2959 845 2997 vel

923 1736 995 1765 tres
1012 1732 1155 1764 menses
1174 1727 1352 1768 Lunares,
1384 1725 1449 1764 Sol
1466 1726 1654 1774 Lunaque

922 1790 961 1819 et
980 1781 1069 1818 nodi
1086 1780 1220 1817 orbitae
1242 1779 1406 1817 Lunaris
1422 1780 1460 1816 in
1476 1779 1654 1816 eumdem

923 1836 1089 1886 positum
1108 1841 1324 1871 lecurrunt.
1380 1833 1444 1871 Sic
1463 1834 1501 1871 in
1520 1833 1655 1870 iisdem

923 1889 1090 1940 partium
1109 1887 1303 1938 scrupulis
1314 1895 1544 1937 congruente
1563 1885 1657 1924 utri-

925 1955 1045 1994 usque
1078 1941 1210 1979 sideris
1246 1948 1366 1988 motu,
1410 1941 1580 1978 defectus
1615 1941 1655 1977 in

922 2010 1009 2034 suos
1045 1997 1152 2033 orbes
1182 1995 1354 2047 redeunt.
1409 1994 1528 2039 Quod
1563 1995 1661 2031 anti-

923 2050 1055 2100 quitus
1093 2049 1287 2088 Chaldaeis
1324 2048 1447 2085 fuerat
1485 2060 1657 2099 comper-

926 2114 1023 2142 tum.
1409 2111 1413 2114 '

978 2153 996 2175 ⁶
1026 2157 1186 2195 Graecis.
1244 2156 1330 2194 Huc
1370 2156 1486 2193 laude
1519 2155 1658 2193 Thales

925 2218 963 2248 et
982 2211 1231 2261 Hipparchus
1251 2211 1412 2260 insignes
1429 2210 1534 2247 fuere
1551 2210 1658 2260 apud

925 2265 1098 2303 Graecos.
1127 2265 1228 2301 Vide
1248 2264 1432 2310 Plinium,
1461 2275 1511 2301 11.
1536 2268 1598 2302 13.

979 2313 996 2338 ⁷
1025 2317 1183 2368 Sulpicii
1203 2317 1323 2355 Galli.
1370 2320 1419 2355 Α.
1435 2317 1484 2355 U.
1499 2318 1546 2354 C.
1566 2314 1660 2356 586.

925 2373 975 2409 A.
994 2371 1039 2408 C.
1082 2369 1170 2415 167.
1197 2372 1243 2409 C.
1276 2371 1472 2422 Sulpicius
1507 2371 1662 2418 Gallus,

926 2425 1105 2462 tribunus
1149 2426 1332 2471 militum,
1374 2425 1497 2476 pridie
1541 2425 1659 2475 quem

929 2479 1085 2516 Perseus
1103 2492 1168 2516 rex
1188 2486 1390 2528 superatus
1411 2478 1436 2516 ὲ,
1453 2479 1576 2515 Paulo
1595 2480 1662 2516 ΖΕ-

927 2532 1036 2570 milio
1067 2540 1135 2578 est,
1164 2534 1203 2571 iu
1233 2532 1457 2570 concionem
1475 2533 1525 2569 ab
1544 2533 1664 2582 impe-

928 2594 1053 2623 ratore
1082 2586 1310 2637 productus,
1338 2586 1520 2637 praedixit
1552 2591 1664 2623 nocte

927 2639 1106 2690 proxima
1138 2641 1187 2677 ab
1216 2639 1313 2677 hors
1345 2639 1515 2678 secunda
1543 2653 1664 2689 usque

931 2693 980 2730 ad
1005 2700 1183 2743 quartam
1212 2693 1345 2731 horam
1372 2695 1495 2731 noctis
1513 2694 1664 2731 Lunam

931 2746 1166 2784 defecturam
1195 2760 1286 2784 esse.
1344 2747 1408 2784 Sic
1433 2754 1595 2786 cautum
1618 2760 1665 2784 ne

930 2800 999 2837 illa
1025 2801 1177 2852 eclipsis
1195 2813 1265 2851 pro
1292 2808 1469 2852 portento
1489 2803 1539 2838 ab
1558 2814 1667 2838 exer-

933 2854 1015 2891 citu
1046 2855 1222 2892 Romano
1256 2855 1510 2906 acciperetur.
1564 2855 1665 2893 Plin.

934 2907 1011 2946 loc.
1028 2907 1096 2952 cit,
1114 2907 1197 2945 Liv.
1217 2920 1339 2945 xmv.
1357 2912 1423 2951 37.

991 2957 1006 2980 ⁸
1028 2960 1211 3000 Sideralis
1229 2961 1399 3000 scientia.
1456 2962 1549 3000 Huc
1568 2961 1666 3000 forta
