1768 3236
443 763 1233 839 BREVIARIUM

542 989 1139 1051 SUPPLEMENTI

397 1227 585 1265 unm
629 1214 866 1268 Qunr'n
909 1222 1285 1260 ANNALmM.

150 1515 197 1562 1.
238 1504 439 1564 JULIA
464 1501 771 1556 AUGUSTA
802 1499 1048 1554 moritur.
1095 1505 1148 1553 2.
1186 1498 1276 1553 Ex
1304 1517 1372 1553 eo
1399 1500 1616 1572 gravior

58 1602 274 1660 Tiberii
350 1600 690 1660 dominatio;
771 1597 1038 1652 audacior
1104 1597 1290 1671 Sejani
1367 1597 1614 1654 ambitio.

68 1700 383 1775 Agrippina
426 1706 484 1753 et
512 1695 667 1752 Nero
713 1702 1065 1751 accusantur.
1140 1695 1196 1750 6.
1238 1694 1615 1768 Inauspicatae

70 1797 247 1854 Drusi
274 1805 331 1851 et
356 1795 597 1850 AEmiliae
629 1793 862 1867 Lepidae
891 1793 1122 1865 nuptiae.
1198 1800 1250 1855 7.
1291 1791 1642 1846 Accusatio-¹

66 1914 206 1951 num
254 1893 487 1948 facilitas
532 1891 697 1946 simul
741 1898 799 1945 et
843 1890 1120 1944 atrocitas.
1199 1895 1253 1944 8.
1294 1888 1452 1944 Mors
1480 1888 1519 1946 J
1522 1907 1619 1944 esu

68 1990 275 2047 Christi
326 1997 385 2045 et
433 1988 702 2062 prodigia.
785 1993 871 2042 10.
914 1986 1226 2059 Agrippina
1277 1986 1332 2039 in
1382 1986 1617 2041 insulam

32 2080 490 2150 Pandatariam,
540 2084 697 2139 Nero
741 2085 799 2139 in
842 2083 1103 2138 Pontiam
1149 2082 1446 2155 deportati.
1531 2087 1618 2139 13.

75 2184 332 2240 Drusus
317 2205 376 2238 m
402 2184 517 2238 ima
559 2181 753 2255 palatii
781 2187 940 2255 parte
966 2179 1258 2234 clauditur.
1343 2181 1429 2234 15.
1472 2177 1622 2251 Seja-

75 2302 196 2347 ῐωε,
218 2300 474 2336 successu
499 2280 764 2334 scelerum
784 2277 1071 2350 superbuS‚
1089 2275 1397 2329 insolescit:
1427 2275 1622 2330 adver-

73 2380 169 2434 sus
196 2398 323 2433 eum
348 2377 551 2432 Tiberii
577 2384 739 2440 antes.
805 2373 898 2429 Ob
923 2375 1036 2447 ejus
1064 2372 1367 2427 amicitiam
1393 2371 1620 2426 Asinius

5 2543 15 2552 .
61 2475 276 2530 -Gallus
358 2473 703 2547 pervertitur.
805 2477 896 2527 23.
974 2469 1216 2524 Velleius
1298 2467 1620 2529 Paterculus

75 2571 311 2644 scriptor
375 2577 434 2624 et
495 2569 768 2623 adulator.
866 2573 958 2623 24.
1025 2565 1256 2640 Sejanus
1319 2564 1620 2621 honoribus

3 2719 5 2722 .
76 2675 371 2724 mactatur.
450 2665 542 2721 26.
591 2665 885 2721 Geminius
914 2664 1092 2718 Rufus
1120 2670 1177 2717 et
1204 2661 1404 2716 Publia
1433 2660 1623 2715 Prisca

77 2771 314 2820 mortem
340 2763 708 2819 voluntariam
734 2766 1028 2835 oppetunt.
1087 2764 1178 2821 27.
1209 2754 1363 2811 Urbs
1390 2758 1447 2810 in
1475 2756 1623 2829 Seja-

77 2861 138 2915 ni
164 2860 573 2915 venerationem
614 2860 864 2914 intenta:
903 2856 1153 2912 Tiberius
1180 2856 1293 2929 ejus
1319 2854 1376 2907 in
1403 2852 1621 2906 ruinam

43 2969 49 2973 ’
79 2957 357 3016 intentior.
434 2962 526 3013 30.
570 2954 738 3011 Caius
785 2949 1016 3028 <imperii
1079 2952 1233 3007 heres
1297 2953 1624 3005 ostentatur.
