1768 3236
392 192 472 231 AD
498 188 678 230 VITAM
707 188 798 229 CN.
823 187 935 227 JUL.
962 187 1273 227 AGRICOLAE.
1515 184 1611 225 601²,

62 296 167 341 infra
198 309 290 351 cap.
313 293 385 338 86.
426 293 544 337 “Ac
575 291 711 350 prim'o
743 306 962 347 congressu
992 291 1151 334 eminils
1185 291 1444 333 certabatur:
1474 288 1622 331 simul>

63 368 310 420 constantia,
325 363 554 411 simul-arte
574 366 776 419 Britanni,
799 366 906 408 &c.'.’
937 365 1042 408 Vide
1064 365 1192 407 Misc.
1215 365 1416 407 Obsx1x.
1437 365 1538 407 362.

128 443 214 487 Uni
229 444 502 500 imputantur.
563 441 679 484 Bene
696 441 923 494 ,Rhenanus
943 450 984 501 et
1002 439 1263 482 recentiores.
1324 438 1374 480 In
1393 439 1598 483 veteribus

47 517 321 574 editionibus,
342 515 431 559 crim
451 517 722 573 imputantur.

122 593 232 636 Arte
250 591 362 633 ducis
379 591 476 633 rati.
534 589 614 631 Vel
635 588 925 645 supplendum,
940 594 1032 630 orte
1047 587 1160 630 ducis
1178 573 1217 630 se
1232 587 1359 630 victos
1376 588 1487 639 rati3
1518 587 1596 641 vel,

63 668 178 725 quod
194 665 334 723 potius
353 664 607 716 crediderim,
626 663 922 705 emendandum
945 662 1167 704 secundum
1190 662 1487 714 Boxhornium,
1508 670 1600 705 arte

53 740 181 784 ‘ducis
193 740 387 797 superati.
422 737 596 780 Librarii
617 737 809 784 vero,hfic
831 736 872 778 in
890 722 933 778 re
953 745 1066 778 tanto
1086 736 1245 778 facilins
1264 751 1395 778 errare
1414 747 1598 792 potuere,

66 807 178 873 quod
193 830 303 871 saepe
318 813 364 856 rin
383 801 521 855 MSS.
538 826 658 868 super
673 811 870 853 scribatur
885 811 1004 853 unica
1019 810 1135 852 litera
1150 827 1182 864 s,
1204 810 1300 852 nota
1322 810 1599 866 superposita,

65 897 114 932 ut
131 888 240 932 recte
259 887 488 930 observavit
513 886 688 942 Lipsius.
726 885 938 929 ‹Tentabat
959 885 1272 937 Freinshemius,
1293 900 1375 927 non
1394 886 1600 938 virtutem,

64 963 138 1008 sed
151 963 399 1006 occasionem
417 969 456 1004 et
471 969 599 1004 artem
617 961 731 1003 ducis
750 960 848 1002 rati.
907 960 1194 1010 Heumannus‚
1213 960 1417 1002 occasione
1440 967 1479 1002 et
1508 969 1599 1004 arte

66 1038 275 1096 superati3
305 1037 368 1079 vel
397 1036 534 1088 etiam,
566 1051 711 1079 casune
730 1050 787 1078 an
818 1042 909 1077 arte
937 1035 1132 1091 superati.
1194 1033 1260 1076 Cl.
1286 1034 1482 1077 Ernestus
1500 1051 1600 1078 con-

58 1112 170 1170 jicit,
189 1103 282 1155 arte
297 1112 451 1166 vicisse,
466 1110 621 1154 scilicet
638 1110 863 1163 Romanos,
883 1110 980 1151 rati.
1040 1109 1164 1151 Forte
1181 1109 1270 1165 quis
1290 1109 1379 1160 erit,
1402 1110 1470 1166 qui
1489 1109 1598 1151 exis-

71 1187 187 1229 timet
205 1186 402 1230 Tacitum
423 1185 641 1242 scripsisse,
661 1184 882 1227 arteducis
901 1183 1001 1236 rati,
1020 1183 1294 1238 intelligendo,
1314 1183 1360 1225 id
1376 1184 1599 1242 contigisse.

70 1262 132 1304 At
149 1261 189 1303 id
209 1262 353 1303 durum
373 1260 542 1305 videtur.
603 1258 720 1301 Bene
739 1258 858 1300 vertit
885 1257 1122 1309 Davanzati,
1152 1262 1182 1282 “
1202 1257 1215 1298 i
1248 1257 1432 1300 Britanni
1461 1262 1602 1300 tenen-

70 1334 279 1377 desi-vinti
307 1350 390 1376 non
419 1349 495 1390 per
522 1332 673 1384 valore,
705 1348 770 1374 ma
800 1348 872 1388 per
902 1347 1013 1383 caso,
1044 1347 1067 1373 e
1087 1330 1238 1373 astuzia
1268 1331 1332 1373 del
1352 1332 1601 1388 capitano:’'

70 1425 148 1451 nec
169 1409 296 1451 ferme
316 1408 431 1450 aliter
448 1407 572 1450 ceteri
591 1407 841 1462 interpretes,
861 1406 961 1450 licet
978 1421 1060 1448 non
1079 1407 1226 1448 efidem
1247 1406 1456 1448 brevitate.
1495 1406 1603 1450 Vide

73 1483 202 1527 Misc.
222 1483 330 1526 obs.
347 1480 418 1524 ix.
438 1483 536 1525 362.
557 1488 598 1524 8.
1249 1468 1251 1470 ’

131 1631 253 1674 CAP.
282 1637 353 1674 28.
385 1629 445 1673 Et
463 1631 509 1672 in
531 1628 814 1684 Britanniam.
865 1629 980 1672 Bene
1001 1629 1104 1671 MS.
1119 1627 1252 1670 Vatic.
1263 1633 1392 1676 3429.
1424 1628 1604 1685 Copula,

75 1715 115 1751 et
133 1708 246 1749 deest
261 1706 302 1748 in
321 1705 431 1747 libris
450 1704 581 1746 editis.

136 1766 326 1823 Immixtz'
343 1778 576 1835 manipulis.
638 1778 755 1821 Bene
775 1777 870 1820 libri
887 1777 1001 1820 editi.
1039 1775 1156 1819 Male
1177 1775 1280 1819 MS.
1294 1777 1428 1819 Vatic.
1445 1778 1606 1821 immix-

73 1855 129 1899 tis
147 1853 381 1911 manipulis.

140 1928 232 1971 Uno
263 1929 524 1985 remigrante.
555 1925 621 1969 Ita
648 1925 740 1969 libri
770 1941 911 1968 omnes
930 1924 1042 1978 editi,
1074 1932 1230 1981 praeter‘
1253 1924 1320 1967 Cl.
1352 1926 1606 1982 Lallemand‚
1677 1923 1680 1927 ⁵

78 2005 150 2061 qui
168 2002 307 2055 edidit,
326 2001 567 2059 remigante,
587 2001 694 2044 forte
715 2015 933 2057 operarum
952 2015 1104 2042 errore:
1137 2015 1231 2041 nam
1251 1998 1291 2040 in
1312 2000 1418 2042 notis
1439 2001 1606 2045 minime

48 2075 51 2077 ’
79 2085 221 2120 monet
257 2091 300 2118 se
338 2076 560 2132 quidquam
594 2075 787 2118 mutasse.
846 2074 908 2116 At
940 2073 1023 2115 sive
1057 2073 1198 2124 errori,
1231 2073 1314 2115 sive
1345 2076 1608 2132 conjecturae,

79 2153 189 2200 favet
208 2150 310 2193 MS.
324 2149 428 2193 liber
448 2150 671 2192 Vaticanus
691 2155 818 2196 3429.
839 2148 910 2204 qui
923 2148 1046 2190 habet
1067 2162 1244 2204 quoque,
1264 2149 1502 2207 remigante.
1561 2151 1609 2193 Si

79 2225 171 2283 quis
185 2234 323 2268 tamen
342 2225 392 2266 ad
412 2240 546 2266 rerum
572 2223 716 2272 seriem
739 2222 965 2273 attenderit,
986 2222 1235 2280 remigrante
1255 2237 1395 2264 verum
1417 2239 1464 2265 ac
1483 2241 1611 2281 genu-

79 2300 195 2343 inum
214 2314 303 2341 esse
328 2298 550 2356 judicabit.
611 2298 724 2341 Hinc
753 2295 862 2339 enim
891 2296 961 2338 alii
990 2297 1073 2339 duo
1104 2297 1282 2352 suspecti
1313 2305 1354 2338 et
1380 2290 1610 2344 interfecti:

78 2373 173 2416 hinc
205 2373 387 2415 nondum
417 2371 583 2428 vulgato
617 2387 792 2425 rumore,
826 2379 872 2413 ut
899 2370 1142 2418 miraculum
1175 2370 1485 2426 praeveliuntur:
1516 2374 1610 2417 hinc

81 2447 237 2490 amissae
266 2462 340 2504 per
369 2445 569 2502 inscitiam
584 2445 768 2505 *regendi*
795 2460 929 2488 naves.
990 2444 1237 2500 Explicabat
1266 2444 1429 2501 quidem
1460 2445 1613 2490 Illustr-

84 2519 414 2572 Huetius,--C22m
444 2536 570 2564 unum
600 2520 620 2562 ὲ
636 2504 983 2579 gubernatoribus
1007 2519 1230 2576 remigrare
1248 2518 1612 2576 deprehendissent,

83 2595 157 2637 hoc
184 2601 242 2637 est
260 2595 398 2638 navim
419 2593 479 2647 ed,
498 2594 606 2637 unde
617 2594 809 2653 profecta
829 2601 931 2646 erat,
952 2593 1156 2644 reducere,
1174 2593 1278 2636 alios
1297 2593 1398 2636 daos
1415 2604 1614 2652 suspectos

82 2669 288 2726 habuere3
309 2669 528 2727 propterea
556 2667 806 2725 interfecere,
836 2674 959 2725 atque
987 2668 1119 2724 ipsum
1148 2668 1270 2710 etiam
1289 2669 1360 2726 qm·
1390 2670 1615 2727 remigrare

76 2742 280 2800 parabat.
338 2745 398 2786 At
419 2743 678 2787 verisimilius
695 2750 766 2796 est,
785 2742 913 2799 inquit
940 2742 1137 2794 Pichena,
1167 2741 1299 2795 illam,
1329 2742 1547 2800 anteqadm
1567 2760 1615 2787 ex

77 2825 208 2874 portu
243 2817 455 2870 solverent,
493 2816 599 2860 clam
628 2833 668 2860 se
698 2817 947 2868 subduxisse,
975 2833 1024 2860 ac
1053 2817 1216 2860 domam
1246 2817 1381 2860 versas
1411 2816 1615 2865 remeasse.

89 2889 206 2936 Nam
221 2891 321 2937 duos
339 2891 501 2936 tannim
521 2892 666 2937 occisos
691 2898 879 2949 afflaret.
936 2891 1008 2936 Sic
1039 2890 1157 2934 vertit
1178 2890 1244 2934 Cl.
1265 2891 1456 2944 Gordon,
1486 2896 1514 2917 “
1535 2892 1615 2943 aud
