1768 3236
43 196 140 240 J.C.
160 200 227 242 39.
450 195 597 234 LIBRI
624 194 835 247 OCTAVI
862 196 1184 238 ANNALIUM.

1506 206 1585 250 29⁸

42 306 78 333 “
110 317 204 367 que
246 298 495 360 Palatinis,¹
534 301 633 365 ejus
677 298 934 357 clementiae
979 299 1312 362 sacrificarent3
1353 318 1586 372 aureaque

42 383 76 417 -“
111 380 210 444 ejus
249 377 421 443 effigies
466 376 514 425 in
549 375 815 442 capitolium
853 377 1118 438 veheretur,
1162 378 1393 429 nobilibus
1428 384 1584 447 pueris

41 461 75 485 ‘⁶
108 456 309 521 hymnos
351 452 719 504 concinentibus:
754 453 974 519 Princeps
1013 456 1182 515 redux,
1217 457 1419 518 Urbem,
1453 462 1583 525 quasi

7 550 11 553 ·
40 538 76 562 “
110 532 297 582 devictis
319 531 545 591 hostibus,
567 547 708 580 ovans
729 531 914 579 iniret.’'
962 533 1080 581 Haec
1096 533 1322 583 servitutis
1336 536 1581 599 dedecora,

38 609 335 677 gliscentibus
370 607 564 675 posthac
603 609 825 674 Principis
860 610 1187 671 atrocitatibus,
1222 629 1405 678 semper
1441 617 1581 665 aucti-

37 692 142 738 tata.

108 754 191 831 ὓ
667 814 692 832 ,

102 847 150 891 9.
184 845 270 891 AT
312 843 471 903 Caius,
507 838 639 893 laetus
675 842 821 892 Urbis
854 854 900 891 et
922 842 1108 893 senatus
1129 842 1395 906 formidine,
1417 845 1579 901 obvios

34 921 236 969 honores
276 938 511 985 spernere,
557 932 620 980 et,
659 932 712 968 ut
747 920 1080 969 levissimarum
1119 933 1186 970 est
1229 923 1472 984 mentium,
1516 927 1576 975 ad

32 1009 298 1062 portentosa
329 998 574 1063 adspirare.
643 997 815 1046 Xerxis
852 998 1144 1047 aemulatione
1159 1002 1175 1022 ²
1224 999 1471 1062 incertum,
1514 1019 1577 1055 an

33 1076 93 1124 ad
121 1075 389 1125 Germaniae
427 1087 474 1124 et
510 1074 779 1135 Britatmiae,
803 1075 971 1140 quibus
1005 1075 1289 1138 imminebat,
1312 1084 1575 1140 terrorem,³

23 1169 132 1211 seu,
151 1154 279 1217 quod
299 1153 537 1202 interiores
558 1143 697 1202 aulici
708 1153 971 1218 prodidere,
990 1167 1041 1203 ut
1061 1172 1199 1205 vanas
1221 1173 1319 1205 esse
1340 1155 1575 1224 Thrasylli

31 1229 369 1291 hariolationes,
392 1248 533 1296 seque
554 1231 815 1297 Principem
831 1249 956 1282 novo
972 1233 1079 1282 artis
1095 1234 1316 1284 miraculo
1339 1236 1573 1300 probaret,

32 1307 251 1367 Baiarum
273 1308 479 1356 medium
500 1308 825 1358 intervallum⁴
855 1311 1129 1361 Puteolanas
1149 1313 1209 1361 ad
1226 1313 1412 1361 moles⁵r
1428 1313 1573 1363 trium

33 1385 229 1434 millium
251 1397 298 1434 et
334 1383 687 1435 sexcentorum⁶
717 1386 818 1436 fere
853 1404 1073 1453 passuum
1107 1401 1248 1454 ponte
1288 1391 1572 1459 conjungere

33 1464 276 1529 adgressus
298 1476 379 1512 est.

104 1635 180 1675 10.
217 1627 361 1676 opus
398 1640 570 1693 quanto
600 1628 905 1682 insanioribus
927 1630 1102 1681 ‚studiis
1139 1641 1422 1696 susceptum,
1443 1640 1574 1683 tanto

30 1703 280 1754 acrioribus
301 1706 672 1772 deproperatum.
741 1706 980 1773 Undiquev
997 1720 1198 1758 evocatae
1220 1725 1402 1774 operae;
1436 1723 1571 1780 caesae

89 1885 104 1904 ¹
133 1887 323 1939 Ludis-que
347 1882 549 1933 Palatinis.
589 1891 666 1930 ‘De
684 1895 772 1943 qui-

0 1940 9 1947 *
36 1944 110 1980 bus
128 1941 242 1992 plura
257 1943 358 1981 infra
368 1957 454 1994 cap.
473 1943 538 1989 76.

86 1993 107 2011 ²
134 1996 274 2034 Xerxis
320 2000 562 2038 aemulatione.
635 2000 764 2045 Quam

17 2048 179 2100 furiosi,
225 2056 262 2088 et
306 2052 450 2089 externi
482 2058 519 2090 et
562 2052 765 2104 infeliciter

29 2103 180 2153 superbi
218 2104 319 2155 regie
366 2105 616 2144 imitationem
665 2108 766 2145 dixit

31 2156 187 2203 Seneca,
205 2158 250 2195 de
267 2158 463 2197 Brevitate
484 2160 592 2208 Vitoe,
611 2172 739 2198 xvn1.

87 2207 102 2229 ³
134 2210 343 2249 Terrorem
400 2213 557 2251 Sueton.
588 2214 628 2252 in
655 2215 764 2261 Caio,

36 2275 132 2302 x1x.
188 2263 275 2302 Scio
303 2266 497 2316 plerosque
527 2267 766 2317 existimasse,

33 2318 146 2355 talem
172 2318 196 2356 ὰ
226 2316 317 2356 Caio
341 2325 490 2370 pontem
516 2321 765 2373 excogitatam

34 2371 262 2410 aemulatione
277 2372 427 2418 Xerxis,
446 2374 509 2424 qui
522 2387 593 2412 non
604 2376 682 2413 sine
701 2377 767 2413 ad-

33 2424 230 2463 miratione
278 2426 471 2477 aliquanto
515 2428 766 2479 angustiorem

35 2477 319 2529 Hellespontum
326 2481 621 2519 contabulaverit
631 2497 643 2520 :
661 2482 766 2529 alios,

33 2535 76 2568 ut
133 2532 372 2570 Germaniam
422 2539 459 2570 et
512 2534 765 2582 Britanniam,

32 2584 162 2634 quibus
186 2586 407 2633 imminebat,
426 2588 587 2639 alicujus
603 2589 766 2627 immensi

31 2638 152 2687 operis
165 2639 281 2691 samri
297 2641 509 2679 territaret.
562 2640 639 2694 Sed
656 2655 795 2683 αὀτιφηιΓ

0 2737 1 2740 ¹
29 2704 147 2729 meam
186 2700 402 2732 narrantem
431 2708 526 2744 puer
558 2695 762 2742 audiebam,

0 2771 1 2776 ,
30 2758 177 2783 causam
205 2747 325 2797 operis
348 2749 392 2785 ab
413 2748 652 2786 interioribus
670 2750 764 2787 auli-

29 2797 85 2836 cis
96 2799 300 2848 proditam,
328 2800 425 2851 quod
452 2801 672 2854 Thrasyllus
690 2816 765 2840 ma-

34 2851 266 2900 thematicus,
283 2854 393 2893 anxio
414 2855 457 2893 cle
473 2868 682 2894 successore
701 2856 764 2894 Ti-

30 2905 143 2953 berio,
159 2912 196 2943 et
210 2907 248 2944 in
261 2920 385 2946 verum
399 2915 565 2962 nepotem
577 2910 763 2960 proniori,

842 1897 1026 1938 ratarum,
1045 1892 1153 1943 quam
1167 1906 1237 1943 per
1255 1892 1443 1944 Bajanam
1452 1891 1572 1931 sinum

842 1946 944 1997 equis
963 1946 1229 1984 discursurum.

893 1997 912 2020 ⁴
940 1999 1120 2038 Baiarum
1138 2001 1292 2038 medium
1320 1998 1571 2038 intervallum.

842 2054 902 2092 Ita
920 2054 1139 2099 Suetonius,
1155 2053 1230 2091 loc.
1248 2055 1314 2092 cit.
1369 2055 1482 2092 Errat
1507 2051 1577 2089 Jo-

838 2107 976 2158 sephus
994 2108 1127 2157 Antiq.
1142 2107 1296 2146 Judaic.
1313 2119 1406 2145 x1x.
1426 2113 1463 2144 1.
1478 2104 1571 2144 cum

839 2159 993 2211 pontem
1014 2162 1063 2199 ab
1090 2162 1186 2201 urbe
1213 2159 1469 2208 Dicaearchia,
1495 2159 1572 2196 sive
1601 2160 1616 2170 ²

842 2214 1024 2260 Puteolis,
1044 2214 1094 2251 ad
1114 2216 1246 2252 urbem
1265 2214 1458 2253 Misenum
1476 2213 1572 2251 duc·

840 2273 923 2305 tum
950 2268 1096 2306 scribit.
1151 2269 1263 2306 Errat
1297 2281 1452 2319 quoque.
1482 2266 1574 2313 Dio,

844 2334 937 2359 mx.
956 2335 994 2372 p.
1008 2320 1102 2361 652.
1131 2321 1222 2360 cum
1239 2323 1401 2361 affirmat
1417 2321 1570 2373 p'ontem

843 2381 1078 2413 constratum
1098 2374 1212 2413 fuisse
1230 2376 1409 2415 Puteolos
1422 2378 1519 2415 inter
1534 2383 1575 2416 et

842 2429 999 2466 Baulos.
1069 2428 1183 2467 Bauli
1220 2430 1321 2468 enim
1357 2443 1433 2468 non
1468 2433 1574 2470 fuere

842 2482 1022 2520 Puteolos
1040 2483 1138 2519 inter
1164 2490 1202 2520 ct
1221 2484 1350 2530 Baias3
1378 2486 1442 2523 sed
1475 2488 1574 2525 inter

843 2536 955 2573 Baias
985 2543 1022 2573 ct
1040 2537 1341 2586 promontorium
1363 2539 1573 2581 Misenum.

841 2590 943 2627 Vide
959 2590 1099 2627 Annal.
1117 2602 1210 2628 xiv.
1226 2595 1266 2629 4.

896 2641 909 2663 ⁵
940 2644 1166 2682 Puteolanas
1184 2645 1234 2682 ad
1257 2645 1380 2684 moles.
1436 2647 1575 2685 Puteo-

840 2696 937 2734 lanae
964 2697 1041 2734 illae
1069 2697 1186 2735 moles
1212 2697 1236 2735 ὲ
1269 2699 1365 2737 Caio
1393 2699 1575 2750 Caligula

840 2763 915 2787 non
929 2757 1018 2788 sunt
1034 2751 1210 2790 conditae.
1265 2752 1397 2791 Multo
1418 2755 1507 2792 ante
1524 2754 1575 2792 ad

840 2804 1090 2842 muniendum
1150 2811 1304 2856 portum
1370 2814 1574 2846 exstructae

840 2858 1001 2896 fuerant.

891 2906 911 2928 ⁶
941 2911 1069 2949 Trium
1087 2912 1242 2951 millium
1259 2918 1296 2951 et
1308 2919 1573 2953 sexcentorum.

0 2973 4 2980 ⁸
30 2959 261 3009 affirmet-sset,
279 2975 352 3003 non
369 2962 487 3015 magis
506 2961 634 3002 Catum
653 2963 764 3015 impe·
841 2964 999 3004 Sueton.
1014 2965 1090 3005 loc.
1105 2966 1172 3005 cit.
