1768 3236
138 575 141 578 ·
207 628 215 634 ,
253 557 493 615 NOTAE
541 560 642 615 ΕΤ
696 559 1359 621 EMENDATIONES

652 751 731 788 AD
761 751 976 792 LIBRUM

391 940 455 996 C.
506 943 904 999 CORNELII
951 943 1221 1000 TACITI

95 1200 183 1243 DE
214 1199 370 1254 SITU,
399 1200 706 1257 MORIBUS,
735 1202 820 1247 ET
849 1202 1120 1248 POPULIS
1151 1203 1534 1250 GERMANIAE.

39 1735 152 1805 DE
174 1761 272 1812 situ,
302 1759 495 1812 moribus,
525 1766 566 1802 et
588 1759 755 1817 populis
769 1759 1020 1803 Germanice.
1079 1758 1147 1803 Ita
1167 1759 1271 1803 MS.
1290 1760 1425 1804 Vatic.
1447 1768 1574 1825 3429.

36 1849 79 1884 et
97 1840 190 1883 libri
209 1839 320 1882 editi.
379 1839 431 1881 In
458 1839 595 1882 MSS.
616 1839 751 1882 Vatic.
779 1845 902 1883 1518.
936 1840 1044 1883 1862
1064 1848 1105 1882 et
1125 1846 1253 1890 4498.
1271 1839 1322 1883 de
1351 1842 1510 1899 origine
1536 1849 1576 1885 ee

35 1916 117 1958 situ
139 1914 459 1957 Germanorum.

94 2063 215 2107 CAP.
237 2071 273 2106 1.
305 2064 350 2106 A
373 2062 528 2107 Gallis.
553 2056 557 2060 ’
586 2063 652 2106 Ita
672 2071 847 2120 quatuor
866 2063 1006 2107 MSS.
1024 2063 1162 2115 Vatic.
1182 2074 1223 2107 et
1248 2063 1446 2106 editiones
1463 2072 1575 2107 vete-

35 2154 113 2181 res.
173 2138 399 2194 Perperam
429 2137 576 2181 eruditi
611 2138 696 2191 viri,
744 2138 996 2191 Gronovius,
1030 2138 1273 2181 Dithmarus
1301 2146 1343 2180 et
1377 2137 1576 2181 Emestus

34 2213 210 2266 edidere,
234 2211 405 2255 Galliis.

96 2285 306 2344 Raetisque
321 2294 361 2328 et
382 2286 630 2331 Pannoniis.
692 2287 917 2345 Pei-peram
935 2286 1030 2331 libri
1047 2288 1158 2341 editi,
1181 2286 1384 2330 Rhaetiis:
1421 2287 1577 2330 Emen-

31 2361 230 2413 dandum,
262 2359 407 2403 Raetis.
468 2361 556 2404 Hic
591 2362 701 2405 enim
734 2364 786 2404 de
820 2361 1001 2418 populis,
1030 2377 1113 2404 non
1142 2361 1237 2403 vero
1263 2362 1315 2403 de
1343 2361 1579 2418 regionibus

11 2432 18 2439 '
36 2435 195 2491 agitur3
224 2443 270 2477 ut
289 2435 398 2478 recte
419 2436 517 2478 vidit
536 2436 749 2491 cellarius,
779 2441 807 2462 “
821 2436 961 2479 Notit.
982 2436 1223 2493 Geograph.
1241 2435 1410 2492 Antiq.”
1426 2435 1500 2478 lib.
1523 2450 1579 2479 11.

37 2525 132 2565 cap.
152 2515 193 2552 8.
254 2509 431 2552 Firmior
446 2511 578 2553 adhuc
594 2511 635 2553 in
654 2512 728 2554 sua
748 2504 947 2554 sententia
968 2513 1144 2562 futurus,
1164 2510 1198 2552 si
1216 2509 1394 2552 novisset
1412 2509 1454 2552 in
1468 2519 1579 2552 vete-

38 2583 154 2625 ribus
183 2583 432 2640 optimisque
461 2584 574 2627 libris
593 2585 689 2642 legi,
730 2584 887 2639 Gallis,
919 2601 1001 2628 non
1037 2584 1209 2628 Galliis.
1269 2584 1411 2627 AEtate
1439 2582 1578 2626 Taciti

0 2688 4 2693 .
38 2657 173 2699 multo
199 2657 399 2699 recentior
426 2657 570 2701 Raetiae
594 2668 637 2702 et
667 2659 893 2702 Pannoniae
923 2659 965 2702 in
993 2659 1132 2716 plures
1161 2658 1391 2715 provincias
1421 2657 1581 2701 divisio.

42 2729 206 2783 Roetiis,
226 2747 311 2773 non
331 2730 523 2785 Rkaetiis,
542 2733 693 2776 habent
713 2733 851 2776 MSS.
870 2733 1006 2776 vatic.
1032 2740 1140 2777 1518
1160 2741 1202 2776 et
1219 2738 1348 2782 4498.

100 2804 159 2847 In
181 2803 439 2852 Occidentem
457 2807 602 2852 versas.
663 2807 798 2852 Recte
818 2808 978 2852 monuit
998 2808 1197 2853 Ernestus
1222 2806 1359 2852 versas
1383 2806 1582 2865 praeposi-

45 2887 197 2921 tionem
215 2894 319 2927 esse.
