1768 3236
1583 44 1616 87 κ’.

159 179 241 256 4l¹0
628 240 631 241 ⁷
703 195 1154 235 SUPPLEMEN'I'UM
1429 196 1476 232 A.
1490 194 1539 232 U.
1553 194 1600 232 C.
1617 196 1712 241 797.

159 299 322 367 gloriae
346 295 663 364 Vespasiano,²
696 299 960 363 proximam
983 297 1233 347 Britanniae
1255 308 1433 362 partem
1455 296 1504 344 in
1526 273 1713 361 prouin-

161 379 280 428 ciam
309 377 516 443 redegit:
540 393 638 425 -nec
662 376 854 441 regendi
877 376 1053 434 minus,
1089 375 1232 440 quam
1267 374 1481 423 vincendi
1520 374 1711 439 peritus,

160 456 343 518 feroces
381 454 558 504 animos
596 454 895 520 religionibus
929 453 1195 517 artibusque
1232 451 1455 501 Romanis
1492 452 1712 518 paulatim

167 534 377 584 mollivit.

236 699 282 741 6.
318 692 667 739 NUNTIATUM
701 686 876 735 interea
902 685 1180 752 Agrippam,
1214 703 1394 752 regem,
1429 690 1570 750 quem
1592 697 1716 751 saepe

167 768 563 827 memoravimus,²
613 763 864 830 repentino*
899 764 1066 813 morbo
1112 775 1382 828 correptum
1426 763 1715 828 exspirasse!

170 848 396 899 Claudius
417 845 583 895 veteris
605 843 948 892 necessitudinis
979 842 1204 891 memoria
1239 859 1439 908 regnum
1463 844 1560 907 ejus
1582 841 1718 901 filio,4

168 927 218 976 in
248 927 384 975 Urbe
415 925 602 982 educto,
636 923 814 987 sibique
847 922 1179 986 acceptissimo,
1213 921 1483 969 destinabat.
1551 921 1719 968 Deter-

171 1021 310 1054 ruere
344 1002 512 1062 liberti,
547 1006 580 1029 “
598 1002 838 1066 juvenem,
873 999 1123 1064 pubertatis
1162 1015 1310 1047 annos
1344 997 1426 1046 vix
1461 1009 1719 1063 egressum,

172 1088 209 1112 ‘⁶
241 1093 381 1131 tantae
403 1080 470 1135 rei
491 1080 768 1144 imparem,'’
793 1079 1128 1127 obtendentes.⁵
1196 1078 1356 1141 Itaque
1373 1078 1399 1125 J
1402 1076 1534 1124 udaea
1550 1075 1720 1123 iterum

173 1161 223 1209 in
257 1158 549 1229 provinciam!
576 1158 791 1217 redacta;
828 1157 1085 1221 missusque
1110 1155 1312 1219 Cuspius
1332 1148 1517 1201 Fadus⁶
1554 1168 1722 1217 procu-

173 1249 316 1287 rator.
383 1237 462 1285 Ne
497 1234 652 1284 tamen
687 1236 762 1300 vel
798 1235 846 1283 in
882 1235 1143 1300 Agrippam
1181 1233 1405 1298 ingratus,
1439 1230 1514 1279 vel
1550 1228 1723 1288 Judaeis

175 1315 382 1365 infensus
403 1314 638 1363 videretur
653 1314 899 1378 Princeps„
914 1313 1055 1380 coepit
1074 1311 1306 1378 juniorem
1330 1308 1590 1375 Agrippam
1611 1305 1726 1357 cari·

175 1410 310 1444 orem
325 1393 525 1441 habere:
561 1393 851 1451 Judaeorum,
887 1391 966 1456 qui
990 1390 1155 1439 stolam
1177 1405 1353 1437 sacram
1375 1387 1723 1450 coronamque2⁷

175 1481 456 1537 repeterent,
502 1469 740 1535 postulatis
790 1470 1024 1529 adnuere3
1073 1467 1123 1515 in
1166 1468 1323 1515 locum
1365 1464 1528 1523 Marsi,
1577 1461 1724 1528 Syria:

150 1549 398 1617 praesidis,
439 1548 661 1600 defuncto
694 1548 794 1615 regi
829 1548 978 1608 invisi,
1022 1546 1234 1597 Cassium
1263 1542 1534 1611 Longinum
1547 1538 1565 1564 ⁸
1598 1538 1722 1590 suffi-

237 1799 252 1820 ¹
286 1800 527 1852 Vespasiano.
583 1799 660 1838 Cui
687 1813 779 1839 cum
810 1798 919 1837 belli-

182 1854 378 1895 cosissima
410 1861 519 1906 gente
538 1867 637 1906 saepe
655 1854 730 1892 fuit
749 1866 920 1906 pugnan-

184 1910 293 1957 dum,
307 1914 400 1947 teste
420 1908 618 1955 Suetonio,
632 1909 674 1946 in
691 1908 920 1959 Vespasian.

185 1975 248 2002 1v.
313 1962 471 2002 Claudio
507 1962 700 2013 Principe,
741 1961 921 2000 Narcissi

182 2015 317 2079 giutid
344 2017 492 2069 legatus
522 2016 679 2068 legionis
705 2015 745 2053 in
765 2016 924 2054 Germa-

185 2085 286 2110 mam
320 2072 452 2109 missus
489 2076 571 2109 est:
613 2071 652 2108 in
682 2069 923 2108 Britanniam

187 2126 410 2171 translatus,
438 2125 567 2164 tricies
596 2138 676 2163 cum
704 2125 807 2162 hoste
840 2136 926 2161 con-

169 2179 299 2228 flixit.
354 2179 464 2217 Duas
498 2178 746 2218 validissimas
779 2183 925 2228 gentes,

187 2246 369 2284 superque
385 2232 526 2284 viginti
543 2233 691 2284 oppida,
711 2245 747 2270 ec
766 2231 925 2270 insulam

193 2287 356 2333 Vectem,
384 2300 482 2325 nunc
517 2286 579 2326 tlte
610 2287 679 2324 isle
710 2285 759 2338 of
780 2284 925 2336 Wigkt,

188 2340 628 2392 Britanniaeproximam,
646 2341 685 2378 in
703 2339 925 2378 deditionem

188 2395 338 2446 redegit
350 2409 363 2433 .·
390 2394 533 2445 partim
552 2394 647 2432 Auli
666 2392 814 2432 Plautii
840 2405 927 2430 con-

189 2449 329 2488 sularis
346 2447 477 2500 legati,
483 2447 627 2499 partim
645 2446 796 2487 Claudii
809 2445 926 2496 ipsius

191 2504 321 2542 ductu.

246 2553 264 2571 ²
284 2555 389 2605 Soepe
407 2555 701 2595 memoravimus.
729 2557 791 2594 Ac
806 2553 929 2592 maxi-

192 2609 255 2648 me
275 2609 314 2647 in
333 2609 473 2661 Suppl.
494 2609 638 2648 Annal.
658 2622 735 2648 vu.
757 2613 819 2646 11.

246 2658 264 2682 ⁸
300 2662 539 2714 Exspirdsse.
592 2663 749 2715 Joseph,
793 2661 928 2712 Antiq.

193 2717 288 2756 Jud.
307 2729 406 2755 mx.
425 2722 461 2755 8.
492 2717 546 2756 D.
566 2717 663 2755 Luc.
683 2719 775 2755 Act.
793 2718 931 2766 Apost.

167 2792 172 2802 ι
194 2782 278 2809 XII.
298 2775 363 2810 23.
417 2772 489 2809 Ka)
507 2771 669 2820 γενόμενος
687 2768 928 2821 σκυληκόβςω-

192 2839 260 2867 σος,
291 2822 454 2872 ἒξέψυξιν.

247 2877 267 2899 ⁴
293 2879 392 2931 Ejus
395 2879 503 2929 filio.
543 2879 727 2930 Agrippae
746 2878 800 2916 ΙΙ.
825 2868 930 2915 Vide

194 2931 273 2971 vol.
303 2945 353 2971 11.
379 2946 419 2984 p.
448 2929 541 2973 368.
575 2935 692 2972 Stem.
713 2931 928 2978 Heredum,

195 2997 234 3024 n.
251 2991 291 3031 9.

1046 1795 1060 1817 ⁵
1092 1791 1352 1834 obtendentes.
1407 1790 1561 1841 Joseph.
1588 1787 1726 1840 Antiq.

991 1851 1085 1893 Jud.
1105 1862 1206 1888 xxx.
1224 1853 1264 1893 9.
1283 1861 1320 1885 n.
1342 1851 1379 1885 2.

1045 1899 1063 1922 ⁶
1086 1903 1242 1954 Cuspius
1262 1902 1400 1940 Padus.
1454 1897 1609 1948 Joseph.
1628 1895 1725 1934 ibid.

1046 1956 1063 1979 ⁷
1094 1958 1239 1997 stolam
1282 1966 1428 1994 sacram
1469 1960 1731 2003 coronamque.

994 2013 1163 2063 Cuspius
1193 2010 1320 2048 Fadus
1350 2008 1487 2046 stolam
1517 2016 1666 2044 sacram
1692 2009 1733 2041 et

996 2079 1191 2111 coronam,
1220 2063 1376 2115 propria
1404 2059 1543 2100 summi
1580 2056 1731 2110 pontifi-

999 2120 1054 2159 cis
1086 2125 1310 2157 ornamenta
1333 2115 1358 2153 a
1382 2114 1527 2154 Judaeis
1557 2113 1733 2164 petierat,

999 2187 1135 2225 eaque,
1163 2179 1213 2210 ut.
1236 2170 1322 2209 fidei
1352 2170 1500 2221 pignuS‚
1528 2167 1568 2205 in
1597 2162 1733 2205 turrim

1001 2227 1213 2267 Antoniam
1231 2229 1463 2277 seposuerat.
1489 2222 1511 2261 J
1517 2220 1635 2259 udaeis
1652 2218 1736 2258 haec

1002 2281 1193 2333 religionis
1211 2292 1292 2318 suff·
1309 2277 1543 2316 monimenta
1569 2280 1740 2326 repeten-

1002 2336 1121 2381 tibus,
1140 2334 1278 2372 annuit
1297 2331 1500 2376 Claudius,
1509 2327 1739 2378 scripsitun

1003 2389 1218 2440 epistolam,
1246 2399 1363 2437 quam
1382 2383 1516 2423 retulit
1531 2379 1738 2432 Josephus,

1003 2444 1142 2494 Antiq.
1160 2441 1256 2481 Jud.
1277 2453 1356 2478 xx.
1379 2445 1414 2478 1.
1431 2451 1471 2476 n.
1490 2441 1529 2476 2.
1561 2436 1668 2474 Data
1683 2439 1742 2476 est

1004 2498 1079 2536 hoc
1115 2508 1230 2539 ann0,
1258 2494 1337 2533 IV.
1367 2492 1563 2532 Kalendas
1599 2487 1740 2541 Julius,

1006 2551 1110 2604 Ruso
1129 2555 1165 2588 et
1184 2548 1359 2599 Pompeio
1385 2546 1554 2591 Silvano,
1582 2540 1744 2581 consuli·

1006 2607 1072 2644 bus
1090 2603 1268 2643 suffectis.
1313 2601 1429 2640 Stolae
1448 2595 1742 2648 descriptionem

1009 2660 1134 2697 videre
1147 2657 1250 2695 estin
1262 2656 1361 2693 libro
1375 2653 1591 2705 Sapientiae,
1608 2660 1741 2688 xvux.

1009 2717 1074 2753 24.
1132 2712 1293 2750 Coronae
1321 2709 1476 2760 Moyses
1499 2703 1745 2757 inscripserat

1008 2778 1146 2805 nomen
1175 2765 1249 2803 Dei
1286 2773 1398 2803 nm’:
1427 2774 1512 2800 eam
1546 2758 1597 2797 ad
1631 2767 1743 2797 suam

1009 2833 1134 2871 usque
1151 2826 1303 2857 aetatem
1315 2815 1563 2868 permansisse
1580 2814 1746 2860 testatur

1006 2872 1209 2926 Josephm,
1258 2871 1394 2922 Antiq.
1424 2869 1518 2909 Jud.
1558 2876 1659 2904 vm.
1699 2867 1738 2904 3.

1007 2942 1046 2969 n.
1067 2933 1104 2968 8.

1061 2977 1078 3002 ⁸
1107 2979 1274 3021 Cassium
1308 2977 1531 3029 Longinum.
1583 2970 1744 3024 joseph.
