1768 3236
375 190 456 229 AD
483 187 664 228 VITAM
693 186 784 226 CN.
811 184 923 226 JUL.
949 183 1255 226 AGRICOLAE.
1507 184 1591 235 617

121 291 426 351 Temporalibus
445 291 672 334 laudibus.⁴
709 288 864 332 Mallet
894 288 1073 344 Lipsius,
1101 296 1141 331 te
1164 286 1465 330 immortalibus
1498 286 1592 331 lau-

66 367 199 410 dibus.
245 367 328 410 Sed
346 366 454 408 haud
473 363 752 422 probabiliter.
813 361 993 405 Minime
1014 361 1121 404 enim
1141 360 1380 404 crediderim
1397 361 1591 404 Tacitum

62 440 311 497 immortales
355 439 495 482 laudes
537 439 604 480 hic
635 438 820 489 sensisse,
876 444 944 478 aut
982 435 1204 492 scripsisse.
1263 434 1308 476 N
1312 450 1360 477 ec
1390 435 1594 492 displicet,

64 513 370 571 temporalibus,
782 555 784 557 ,

122 587 376 644 Suppeditet.
439 585 696 641 Suppeditat,
727 585 939 627 Boxhorn.
1487 604 1499 623 κ

127 660 412 704 similitudine
430 659 678 701 decoramus.
737 657 943 714 Corrupte¹
975 657 1080 700 MS.
1109 655 1243 698 Vatic.
1274 662 1402 704 3429.
1433 665 1475 699 et
1501 657 1597 700 libri

67 751 210 779 omnes
224 735 335 787 editi,
363 734 542 776 militum
560 733 810 775 decoramus.
869 732 972 774 MS.
989 731 1123 774 Vatic.
1138 736 1268 779 4498.
1297 730 1467 773 multum
1483 731 1600 774 deco-

67 825 221 853 ramus.
278 809 348 851 Ad
380 817 554 850 veterem
586 806 826 862 scripturam
858 821 1070 863 rerumque
1099 805 1244 849 seriem
1285 806 1598 849 accommodate

69 883 298 927 emendavit
310 882 495 934 Grotius,
510 881 779 923 similitudine
796 881 1035 923 decoremus.
1063 879 1151 922 Alii
1167 886 1336 931 tentant,
1355 879 1599 933 imitatione,

70 957 287 1009 imitando,
331 957 523 998 imitatu.-
575 955 784 1006 Heinsius,
821 954 1027 998 amulatu.
1085 954 1170 995 Sed
1202 968 1284 996 non
1321 952 1378 995 ita
1421 953 1601 1009 placent.

71 1031 245 1074 Ursinus
265 1031 288 1072 ὲ
306 1029 429 1072 veteri
449 1045 527 1071 suo
542 1029 697 1082 codice,
726 1029 769 1071 in
802 1044 884 1085 quo
914 1028 1126 1084 scriptum,
1155 1027 1430 1070 admiratione
1445 1027 1602 1084 potiris,

74 1105 198 1163 qudm
227 1104 484 1148 aemulatione
511 1104 751 1156 decoremus,
793 1102 1037 1159 corrigebat,
1080 1101 1351 1145 admiratione
1380 1109 1419 1145 te
1442 1102 1602 1159 potios,

77 1178 201 1238 qudm
230 1178 499 1231 aemulatione,
542 1185 582 1220 et
613 1178 648 1220 si
677 1185 829 1220 natura
862 1176 1098 1233 suppeditet,
1141 1176 1368 1218 imitatione
1389 1176 1603 1221 virtutum

77 1253 318 1296 decoremus.
374 1252 434 1296 At
451 1252 614 1305 incerta,
645 1260 688 1294 ut
699 1253 791 1309 jam
810 1251 965 1303 monui,
993 1251 1111 1308 hujus
1131 1249 1282 1292 codicis
1300 1249 1416 1292 fides.
