1768 3236
453 203 729 247 DlALOGUS
759 205 834 245 DE
862 207 1222 249 ORATORIBUS.
1514 211 1584 251 161

129 318 203 360 16.
238 310 510 370 ΜΑΟΝᾼΜ,
532 311 679 375 inquit
701 312 951 370 Secundus,
969 310 1013 359 et
1031 309 1216 377 dignum
1234 323 1424 361 tractatu
1443 331 1590 379 quaes-

53 389 227 438 tionem
251 389 456 437 movisti:
493 390 572 436 sed
596 388 696 452 quis
719 405 820 435 eam
837 389 1006 453 justius
1028 389 1338 452 explicaverit,
1356 391 1497 455 quitm
1518 403 1588 450 tu,

50 468 117 515 ‘ad
155 470 285 533 cujus
323 484 550 516 summam
586 466 890 513 eruditionem
925 478 970 514 et
1005 467 1423 530 praestantissimum
1462 469 1588 533 inge-

56 545 188 592 nium
233 561 344 592 cura
387 561 573 609 quoque
619 555 663 591 et
709 544 940 592 meditatio
984 545 1204 593 accessit?
1251 546 1312 592 Et
1355 546 1589 605 Messala,

57 621 296 685 Aperiam,
335 622 498 686 inquit,
539 622 832 686 cogitationes
867 639 1008 682 meas,
1043 623 1080 670 si
1113 623 1228 669 illud
1263 622 1291 669 a}
1322 622 1452 669 vobis
1469 622 1587 670 rante

57 698 378 762 impetravero,
413 711 465 746 ut
485 717 566 746 vos
590 717 777 763 quoque
803 716 1062 747 sermonem
1086 700 1210 747 hunc
1233 711 1441 746 nostrum
1464 700 1591 763 adju-

0 807 4 810 -
57 777 184 824 vetis,
237 778 330 823 Pro
347 778 545 835 duobus,
567 777 713 840 inquit
737 778 1009 836 Maternus,
1031 777 1277 840 promitto:
1303 792 1410 823 nam
1433 787 1483 823 et
1501 793 1592 841 ego

57 865 104 901 et
130 855 371 901 Secundus
393 870 701 918 exsequemur
722 867 889 917 partes,
913 871 1030 918 quas
1046 854 1405 902 intellexerimus
1426 865 1472 901 te
1493 869 1590 900 non

57 941 151 977 tam
173 931 375 978 omisisse
406 931 548 995 quim
582 931 713 978 nobis
747 931 995 994 reliquisse.
1064 934 1250 994 Aprum
1285 930 1406 977 enim
1440 930 1590 977 solere

53 1007 308 1066 dissentire,
346 1020 392 1055 et
424 1021 475 1055 tu
509 1009 646 1072 paulo
669 1008 772 1055 ante
796 1008 965 1066 dixisti,
989 1019 1034 1056 et
1063 1009 1158 1071 ipse
1187 1007 1292 1055 satis
1321 1005 1587 1054 manifestus

56 1097 126 1132 est
165 1086 439 1149 jamdudum
482 1085 530 1132 in
569 1085 847 1136 contrarium
891 1085 1090 1150 accingi,
1127 1101 1212 1132 nee
1258 1101 1393 1148 aequo
1436 1083 1590 1131 animo

58 1160 264 1225 perferre
285 1163 402 1210 hanc
436 1175 638 1210 nostram
672 1179 758 1225 pro
785 1162 1079 1227 antiquorum
1113 1161 1248 1208 laude
1280 1160 1589 1208 concordiam.

57 1240 174 1287 Non·
195 1239 335 1298 enim,
369 1240 516 1304 inquit
539 1241 693 1303 Aper,
729 1240 981 1287 inauditum
1006 1251 1050 1287 et
1071 1236 1367 1285 indefensum
1382 1237 1607 1285 seculum·

0 1343 13 1355 ,<
55 1328 269 1366 nostrum
290 1317 431 1381 patiar
454 1317 540 1365 hac
571 1316 721 1365 vestra}
744 1313 1075 1380 conspiratione
1097 1315 1315 1363 damnari.
1385 1316 1476 1362 Sed
1498 1314 1590 1362 hoc

58 1394 261 1457 primum
282 1395 592 1460 interrogabO,
614 1411 732 1458 quos
754 1395 925 1443 vocetis
946 1395 1173 1458 antiquos,
1191 1409 1330 1457 quam
1352 1403 1590 1438 oratorum

57 1482 239 1519 aetatem
284 1471 609 1537 significatione
652 1472 736 1520 istst
776 1471 1116 1520 determinetis?
1155 1471 1260 1536 Ego
1304 1469 1426 1517 enim
1471 1469 1590 1516 esim

0 1541 2 1590 Ῐ
55 1549 194 1595 audio
216 1549 443 1613 antiquos,
466 1549 689 1613 quosdam
711 1559 887 1597 veteres
909 1561 953 1597 et
975 1549 1087 1597 olim
1109 1559 1239 1595 natos
1267 1545 1496 1610 intelligo;
1531 1561 1589 1593 ae

0 1666 2 1674 ι
58 1625 172 1672 mihi
195 1638 431 1674 versantur
452 1638 556 1674 ante
579 1627 738 1675 oculos
762 1627 954 1692 Ulysses
977 1639 1021 1675 et
1043 1629 1232 1684 Nestor,
1256 1640 1458 1689 quorum
1479 1633 1591 1671 aetas

0 1713 4 1725 *
31 1732 33 1734 -
59 1699 184 1750 mille
217 1702 315 1751 fere
339 1715 385 1751 et
416 1704 627 1752 trecentis
658 1703 785 1751 amlis
802 1706 814 1725 ¹
848 1704 1056 1752 seculum
1089 1715 1300 1750 nostrum
1331 1699 1588 1751 antecedit:

57 1796 142 1826 vos
163 1793 316 1828 autem
338 1781 702 1829 Demosthenem
725 1793 770 1829 et
790 1778 1077 1847 Hyperidem
1093 1779 1323 1845 profertis,
1345 1794 1462 1843 quos
1483 1775 1591 1824 satis

0 1900 2 1907 .
60 1868 236 1904 constat
256 1858 452 1922 Philippi
469 1870 514 1906 et
530 1859 787 1907 Alexandri
808 1860 1092 1924 temporibus
1108 1857 1335 1906 floruisse:
1359 1855 1419 1902 ita
1435 1866 1591 1923 tamen

59 1945 112 1980 ut
135 1934 315 1999 utrique
349 1936 609 1999 superstites
631 1949 793 1985 essent.
861 1939 937 1985 Ex
961 1954 1054 2002 quo
1076 1946 1279 2000 apparet,
1310 1948 1406 1980 non
1435 1930 1587 1978 multo

0 2017 2 2019 ’
58 2010 214 2074 plures
262 2011 406 2075 qufim
453 2029 604 2061 cccc.
652 2031 796 2062 armos
811 2017 827 2036 ²
878 2014 1092 2062 interesse
1135 2012 1254 2059 inter
1295 2020 1499 2057 nostram
1542 2016 1590 2053 et

59 2087 385 2137 Demosthenis
413 2102 622 2139 aetatem:
658 2093 784 2156 quod
817 2092 1013 2157 spatium
1045 2088 1280 2153 temporis,
1302 2086 1340 2134 si
1371 2085 1431 2133 ad
1462 2083 1589 2130 infir-

61 2163 263 2212 mitatem
314 2183 563 2230 corporum
605 2180 870 2217 nostrorum
913 2167 1100 2226 referaS,
1154 2164 1344 2213 fortasse
1393 2162 1592 2225 longum

62 2240 290 2288 videatur:
327 2242 365 2290 si
397 2244 456 2290 ad
482 2255 692 2292 naturam
725 2246 1056 2293 seculorum-et
1089 2252 1348 2306 respectum
1379 2234 1590 2284 immensi

0 2313 5 2364 ἶ
63 2317 199 2383 hujus
221 2319 323 2378 aevi,
346 2321 571 2386 perquem
593 2324 750 2383 breve,
773 2334 818 2371 et
839 2323 887 2370 in
908 2321 1123 2386 proximo
1145 2329 1226 2367 est.
1292 2317 1419 2365 Nam
1451 2313 1506 2371 si,
1537 2322 1590 2360 ut

63 2394 230 2442 Cicero
251 2395 299 2442 in
320 2398 568 2446 Hortensio
590 2399 761 2458 scribit,
785 2399 873 2447 “is
895 2411 962 2447 est
984 2413 1179 2463 magnus
1199 2406 1245 2443 et
1265 2409 1402 2442 verus
1423 2405 1588 2446 annus,

0 2508 2 2523 2
61 2474 97 2498 “
131 2488 224 2535 quo
247 2474 406 2521 eadem
438 2475 600 2539 positio
626 2477 733 2525 coeli
763 2477 1076 2541 siderumque,
1107 2490 1211 2540 quae
1231 2472 1350 2541 ¹esim
1385 2465 1587 2515 maxime

117 2639 131 2660 ¹
162 2642 372 2695 Illillefere'
399 2651 437 2683 et
464 2649 643 2686 trecentis
671 2650 790 2686 annis.
864 2650 902 2687 in
914 2648 1102 2687 veteribus
1118 2644 1347 2684 editionibus
1361 2649 1619 2682 ccc.annos.‚-

0 2723 18 2740 ³-
64 2695 206 2734 Recte:
252 2710 339 2735 nam
374 2698 474 2736 inter
510 2701 598 2738 belli
635 2702 792 2751 Trojani
866 2703 1049 2740 Mortuus
1082 2706 1136 2738 est
1172 2699 1271 2736 enim
1317 2692 1588 2733 Demosthenes

0 2794 3 2799 ‚
63 2749 174 2787 initia
186 2757 224 2786 et
236 2761 386 2789 sextum
402 2753 622 2804 Vespasiani
638 2768 794 2802 annum,
866 2758 916 2794 A.
934 2757 984 2794 U.
1002 2756 1050 2793 C.
1076 2757 1169 2792 432.
1199 2763 1318 2789 annus
1340 2747 1427 2785 verb
1445 2746 1481 2782 V
1485 2755 1590 2792 espa·

0 2817 3 2831 ὲ
63 2814 143 2852 quo
162 2802 225 2840 hic
245 2804 414 2855 dialogus
430 2806 583 2846 habitus
600 2809 795 2855 est‚inter-
864 2809 960 2846 siani
992 2814 1121 2846 sextus
1154 2806 1227 2852 fui-t
1260 2805 1310 2841 ab
1345 2802 1396 2840 U.
1414 2800 1460 2837 C.
1496 2800 1590 2835 828·

62 2867 204 2893 cessere
233 2859 320 2895 anui
355 2857 470 2898 1268.
515 2862 617 2900 Vide
648 2870 727 2900 not.
756 2870 796 2901 et
867 2863 927 2899 De
947 2860 1212 2905 Demosthene,
1242 2864 1280 2894 et
1305 2855 1352 2893 de
1381 2848 1590 2903 Hyperide,

0 2946 2 2966 ξ
67 2911 219 2948 emend.
237 2911 284 2947 ad
304 2924 390 2962 cap.
415 2910 478 2951 16.
584 2919 588 2929 ²
868 2914 1112 2953 Demostheni
1130 2911 1319 2963 proximo,
1336 2906 1459 2945 multa
1475 2903 1590 2952 habet

118 2959 136 2977 ²
157 2963 278 3008 Quam
299 2976 412 3003 cccc.
430 2979 559 3004 annos.
594 2968 793 3020 Perperam
827 3020 830 3023 Ι
864 2968 1013 3016 Cicero,
1027 2968 1074 3006 de
1088 2966 1212 3007 elaris
1227 2960 1339 3001 Orat.
1355 2974 1391 2999 c.
1405 2961 1454 2997 35
1473 2962 1510 2994 ct
1524 2950 1590 2992 36.
1623 3013 1627 3018 .

255 3065 268 3075 .
339 3044 456 3079 VOL·
486 3044 557 3079 IV.
1228 3041 1260 3073 L
