<?xml version="1.0" encoding="UTF-8"?>
<!DOCTYPE html PUBLIC "-//W3C//DTD XHTML 1.0 Transitional//EN"
    "http://www.w3.org/TR/xhtml1/DTD/xhtml1-transitional.dtd">
<html xmlns="http://www.w3.org/1999/xhtml" xml:lang="en" lang="en">
 <head>
  <title>
</title>
<meta http-equiv="Content-Type" content="text/html;charset=utf-8" />
  <meta name='ocr-system' content='tesseract 3.04.00' />
  <meta name='ocr-capabilities' content='ocr_page ocr_carea ocr_par ocr_line ocrx_word'/>
</head>
<body>
  <div class='ocr_page' id='page_1' title='image "./operarecognovite04taciuoft/operarecognovite04taciuoft_0117.png"; bbox 0 0 1768 3236; ppageno 0'>
   <div class='ocr_carea' id='block_1_1' title="bbox 601 184 1581 244">
    <p class='ocr_par' dir='ltr' id='par_1_1' title="bbox 601 184 1581 244">
     <span class='ocr_line' id='line_1_1' title="bbox 601 184 1581 244; baseline 0.005 -21"><span class='ocrx_word' id='word_1_1' title='bbox 601 203 604 206; x_wconf 87' lang='lat'><strong>·</strong></span> <span class='ocrx_word' id='word_1_2' title='bbox 674 184 972 226; x_wconf 74' lang='lat' dir='ltr'><strong>AGmcoLA.</strong></span> <span class='ocrx_word' id='word_1_3' title='bbox 1506 195 1581 244; x_wconf 45' lang='grc'>105-</span> 
     </span>
    </p>
   </div>
   <div class='ocr_carea' id='block_1_2' title="bbox 47 286 1579 437">
    <p class='ocr_par' dir='ltr' id='par_1_2' title="bbox 47 286 1579 437">
     <span class='ocr_line' id='line_1_2' title="bbox 49 286 1579 354; baseline 0.003 -17"><span class='ocrx_word' id='word_1_4' title='bbox 49 286 280 339; x_wconf 79' lang='lat' dir='ltr'><strong>laudando</strong></span> <span class='ocrx_word' id='word_1_5' title='bbox 302 295 526 350; x_wconf 75' lang='lat' dir='ltr'><strong>promt08‚</strong></span> <span class='ocrx_word' id='word_1_6' title='bbox 559 296 605 334; x_wconf 91' lang='lat' dir='ltr'><strong>et</strong></span> <span class='ocrx_word' id='word_1_7' title='bbox 627 288 889 354; x_wconf 85' lang='lat' dir='ltr'><strong>castigando</strong></span> <span class='ocrx_word' id='word_1_8' title='bbox 910 305 1104 354; x_wconf 85' lang='lat' dir='ltr'><strong>segnes:</strong></span> <span class='ocrx_word' id='word_1_9' title='bbox 1140 289 1200 337; x_wconf 88' lang='lat' dir='ltr'><strong>ita</strong></span> <span class='ocrx_word' id='word_1_10' title='bbox 1226 290 1415 339; x_wconf 88' lang='lat' dir='ltr'><strong>honoris</strong></span> <span class='ocrx_word' id='word_1_11' title='bbox 1435 309 1579 341; x_wconf 85' lang='lat' dir='ltr'><strong>aemu-</strong></span> 
     </span>
     <span class='ocr_line' id='line_1_3' title="bbox 47 363 1578 437; baseline 0.004 -25"><span class='ocrx_word' id='word_1_12' title='bbox 47 364 154 413; x_wconf 79' lang='lat' dir='ltr'><strong>lado</strong></span> <span class='ocrx_word' id='word_1_13' title='bbox 177 381 263 429; x_wconf 92' lang='lat' dir='ltr'><strong>pro</strong></span> <span class='ocrx_word' id='word_1_14' title='bbox 295 363 557 411; x_wconf 87' lang='lat' dir='ltr'><strong>necessitate</strong></span> <span class='ocrx_word' id='word_1_15' title='bbox 591 375 700 412; x_wconf 87' lang='lat' dir='ltr'><strong>erat.</strong></span> <span class='ocrx_word' id='word_1_16' title='bbox 770 367 872 415; x_wconf 88' lang='lat' dir='ltr'><strong>Jam</strong></span> <span class='ocrx_word' id='word_1_17' title='bbox 894 366 1007 414; x_wconf 74' lang='lat' dir='ltr'><strong>vero</strong></span> <span class='ocrx_word' id='word_1_18' title='bbox 1031 366 1289 430; x_wconf 88' lang='lat' dir='ltr'>principum</span> <span class='ocrx_word' id='word_1_19' title='bbox 1308 369 1436 431; x_wconf 13' lang='lat' dir='ltr'><strong>&amp;filios</strong></span> <span class='ocrx_word' id='word_1_20' title='bbox 1467 371 1578 437; x_wconf 87' lang='lat' dir='ltr'><strong>libe-</strong></span> 
     </span>
    </p>
   </div>
   <div class='ocr_carea' id='block_1_3' title="bbox 42 440 1651 507">
    <p class='ocr_par' dir='ltr' id='par_1_3' title="bbox 42 440 1651 507">
     <span class='ocr_line' id='line_1_4' title="bbox 42 440 1651 507; baseline 0.003 -17"><span class='ocrx_word' id='word_1_21' title='bbox 42 442 216 490; x_wconf 89' lang='lat' dir='ltr'><strong>ralibus</strong></span> <span class='ocrx_word' id='word_1_22' title='bbox 246 440 418 488; x_wconf 87' lang='lat' dir='ltr'><strong>artibus</strong></span> <span class='ocrx_word' id='word_1_23' title='bbox 451 440 668 501; x_wconf 87' lang='lat' dir='ltr'><strong>erudire‚¹</strong></span> <span class='ocrx_word' id='word_1_24' title='bbox 725 454 770 490; x_wconf 94' lang='lat' dir='ltr'><strong>et</strong></span> <span class='ocrx_word' id='word_1_25' title='bbox 814 443 994 507; x_wconf 89' lang='lat' dir='ltr'><strong>ingenia</strong></span> <span class='ocrx_word' id='word_1_26' title='bbox 1039 443 1367 491; x_wconf 86' lang='lat' dir='ltr'>Britannorum</span> <span class='ocrx_word' id='word_1_27' title='bbox 1419 447 1579 495; x_wconf 84' lang='lat' dir='ltr'><strong>studiis</strong></span> <span class='ocrx_word' id='word_1_28' title='bbox 1648 476 1651 480; x_wconf 92' lang='lat'>-</span> 
     </span>
    </p>
   </div>
   <div class='ocr_carea' id='block_1_4' title="bbox 39 516 1576 968">
    <p class='ocr_par' dir='ltr' id='par_1_4' title="bbox 39 516 1576 968">
     <span class='ocr_line' id='line_1_5' title="bbox 47 516 1576 586; baseline 0.003 -19"><span class='ocrx_word' id='word_1_29' title='bbox 47 519 295 568; x_wconf 87' lang='lat' dir='ltr'><strong>Gallorum</strong></span> <span class='ocrx_word' id='word_1_30' title='bbox 304 521 348 570; x_wconf 49' lang='lat'><strong>,²1</strong></span> <span class='ocrx_word' id='word_1_31' title='bbox 371 516 614 576; x_wconf 88' lang='lat' dir='ltr'><strong>anteferre,</strong></span> <span class='ocrx_word' id='word_1_32' title='bbox 653 530 705 576; x_wconf 88' lang='lat' dir='ltr'><strong>ut</strong></span> <span class='ocrx_word' id='word_1_33' title='bbox 750 519 829 584; x_wconf 93' lang='lat' dir='ltr'><strong>qui</strong></span> <span class='ocrx_word' id='word_1_34' title='bbox 874 520 1018 567; x_wconf 75' lang='lat' dir='ltr'><strong>modo</strong></span> <span class='ocrx_word' id='word_1_35' title='bbox 1054 520 1268 586; x_wconf 19' lang='lat' dir='ltr'><strong>*linguam</strong></span> <span class='ocrx_word' id='word_1_36' title='bbox 1314 522 1576 572; x_wconf 85' lang='lat' dir='ltr'>Romanam</span> 
     </span>
     <span class='ocr_line' id='line_1_6' title="bbox 41 595 1575 660; baseline 0.003 -16"><span class='ocrx_word' id='word_1_37' title='bbox 41 597 320 653; x_wconf 85' lang='lat' dir='ltr'><strong>abnuebant,</strong></span> <span class='ocrx_word' id='word_1_38' title='bbox 359 595 666 659; x_wconf 86' lang='lat' dir='ltr'><strong>eloquentiam</strong></span> <span class='ocrx_word' id='word_1_39' title='bbox 705 597 1108 660; x_wconf 84' lang='lat' dir='ltr'><strong>concupiscerent:</strong></span> <span class='ocrx_word' id='word_1_40' title='bbox 1149 597 1259 645; x_wconf 91' lang='lat' dir='ltr'><strong>inde</strong></span> <span class='ocrx_word' id='word_1_41' title='bbox 1285 598 1420 646; x_wconf 87' lang='lat' dir='ltr'><strong>etiam</strong></span> <span class='ocrx_word' id='word_1_42' title='bbox 1450 600 1575 648; x_wconf 86' lang='lat' dir='ltr'><strong>habi-</strong></span> 
     </span>
     <span class='ocr_line' id='line_1_7' title="bbox 43 671 1574 740; baseline 0.003 -19"><span class='ocrx_word' id='word_1_43' title='bbox 43 673 122 722; x_wconf 73' lang='lat' dir='ltr'><strong>tfis</strong></span> <span class='ocrx_word' id='word_1_44' title='bbox 143 673 287 720; x_wconf 88' lang='lat' dir='ltr'><strong>nostri</strong></span> <span class='ocrx_word' id='word_1_45' title='bbox 309 673 477 730; x_wconf 87' lang='lat' dir='ltr'><strong>honor,</strong></span> <span class='ocrx_word' id='word_1_46' title='bbox 510 683 556 719; x_wconf 92' lang='lat' dir='ltr'><strong>et</strong></span> <span class='ocrx_word' id='word_1_47' title='bbox 578 671 796 738; x_wconf 89' lang='lat' dir='ltr'><strong>frequens</strong></span> <span class='ocrx_word' id='word_1_48' title='bbox 818 686 957 740; x_wconf 88' lang='lat' dir='ltr'><strong>toga:</strong></span> <span class='ocrx_word' id='word_1_49' title='bbox 993 674 1302 739; x_wconf 89' lang='lat' dir='ltr'><strong>paulatimque</strong></span> <span class='ocrx_word' id='word_1_50' title='bbox 1325 676 1574 725; x_wconf 88' lang='lat' dir='ltr'><strong>discessum</strong></span> 
     </span>
     <span class='ocr_line' id='line_1_8' title="bbox 41 749 1572 816; baseline 0.003 -18"><span class='ocrx_word' id='word_1_51' title='bbox 41 751 102 798; x_wconf 84' lang='lat' dir='ltr'><strong>ad</strong></span> <span class='ocrx_word' id='word_1_52' title='bbox 123 749 413 802; x_wconf 87' lang='lat' dir='ltr'><strong>delinimenta</strong></span> <span class='ocrx_word' id='word_1_53' title='bbox 433 749 666 809; x_wconf 78' lang='lat' dir='ltr'><strong>vitiorum,</strong></span> <span class='ocrx_word' id='word_1_54' title='bbox 683 752 902 816; x_wconf 86' lang='lat' dir='ltr'><strong>porticus,</strong></span> <span class='ocrx_word' id='word_1_55' title='bbox 920 763 966 801; x_wconf 85' lang='lat' dir='ltr'><strong>et</strong></span> <span class='ocrx_word' id='word_1_56' title='bbox 988 753 1166 811; x_wconf 89' lang='lat' dir='ltr'><strong>balnea,</strong></span> <span class='ocrx_word' id='word_1_57' title='bbox 1189 764 1234 801; x_wconf 90' lang='lat' dir='ltr'><strong>et</strong></span> <span class='ocrx_word' id='word_1_58' title='bbox 1256 753 1572 802; x_wconf 86' lang='lat' dir='ltr'><strong>conviviorum</strong></span> 
     </span>
     <span class='ocr_line' id='line_1_9' title="bbox 40 826 1572 894; baseline 0.004 -20"><span class='ocrx_word' id='word_1_59' title='bbox 40 826 341 892; x_wconf 82' lang='lat' dir='ltr'><strong>elegantiam:</strong></span> <span class='ocrx_word' id='word_1_60' title='bbox 388 826 528 891; x_wconf 91' lang='lat' dir='ltr'><strong>idque</strong></span> <span class='ocrx_word' id='word_1_61' title='bbox 578 830 701 892; x_wconf 90' lang='lat' dir='ltr'><strong>apud</strong></span> <span class='ocrx_word' id='word_1_62' title='bbox 745 829 978 894; x_wconf 88' lang='lat' dir='ltr'><strong>imperitos</strong></span> <span class='ocrx_word' id='word_1_63' title='bbox 1025 835 1059 859; x_wconf 90' lang='lat'><strong>“</strong></span> <span class='ocrx_word' id='word_1_64' title='bbox 1082 830 1340 880; x_wconf 88' lang='lat' dir='ltr'><strong>humanitas</strong></span> <span class='ocrx_word' id='word_1_65' title='bbox 1358 833 1391 853; x_wconf 91' lang='lat'><strong>’&#39;</strong></span> <span class='ocrx_word' id='word_1_66' title='bbox 1439 849 1572 880; x_wconf 89' lang='lat' dir='ltr'><strong>voca-</strong></span> 
     </span>
     <span class='ocr_line' id='line_1_10' title="bbox 39 904 864 968; baseline 0.006 -16"><span class='ocrx_word' id='word_1_67' title='bbox 39 905 192 964; x_wconf 88' lang='lat' dir='ltr'><strong>batur,</strong></span> <span class='ocrx_word' id='word_1_68' title='bbox 226 904 340 954; x_wconf 76' lang='lat' dir='ltr'><strong>cum</strong></span> <span class='ocrx_word' id='word_1_69' title='bbox 362 921 467 968; x_wconf 88' lang='lat' dir='ltr'><strong>pars</strong></span> <span class='ocrx_word' id='word_1_70' title='bbox 483 906 711 955; x_wconf 89' lang='lat' dir='ltr'><strong>servitutis</strong></span> <span class='ocrx_word' id='word_1_71' title='bbox 734 919 864 957; x_wconf 92' lang='lat' dir='ltr'><strong>esset.</strong></span> 
     </span>
    </p>
   </div>
   <div class='ocr_carea' id='block_1_5' title="bbox 41 1058 1572 1279">
    <p class='ocr_par' dir='ltr' id='par_1_5' title="bbox 41 1058 1572 1279">
     <span class='ocr_line' id='line_1_11' title="bbox 105 1058 1572 1128; baseline 0.005 -23"><span class='ocrx_word' id='word_1_72' title='bbox 105 1065 186 1106; x_wconf 78' lang='lat'><strong>29..</strong></span> <span class='ocrx_word' id='word_1_73' title='bbox 219 1058 458 1105; x_wconf 78' lang='lat' dir='ltr'><strong>TERTms</strong></span> <span class='ocrx_word' id='word_1_74' title='bbox 493 1059 838 1123; x_wconf 90' lang='lat' dir='ltr'><strong>expeditionum</strong></span> <span class='ocrx_word' id='word_1_75' title='bbox 873 1077 1020 1109; x_wconf 89' lang='lat' dir='ltr'><strong>annus</strong></span> <span class='ocrx_word' id='word_1_76' title='bbox 1038 1063 1051 1089; x_wconf 83' lang='lat'><em>³</em></span> <span class='ocrx_word' id='word_1_77' title='bbox 1074 1077 1215 1110; x_wconf 88' lang='lat' dir='ltr'><strong>novas</strong></span> <span class='ocrx_word' id='word_1_78' title='bbox 1253 1064 1446 1128; x_wconf 76' lang='lat' dir='ltr'><strong>gentes4</strong></span> <span class='ocrx_word' id='word_1_79' title='bbox 1465 1078 1572 1125; x_wconf 85' lang='lat' dir='ltr'><strong>ape-</strong></span> 
     </span>
     <span class='ocr_line' id='line_1_12' title="bbox 41 1134 1571 1203; baseline 0.004 -21"><span class='ocrx_word' id='word_1_80' title='bbox 41 1134 151 1194; x_wconf 86' lang='lat' dir='ltr'><strong>ruit,</strong></span> <span class='ocrx_word' id='word_1_81' title='bbox 171 1135 351 1183; x_wconf 90' lang='lat' dir='ltr'><strong>vastatis</strong></span> <span class='ocrx_word' id='word_1_82' title='bbox 364 1152 510 1200; x_wconf 92' lang='lat' dir='ltr'><strong>usque</strong></span> <span class='ocrx_word' id='word_1_83' title='bbox 531 1137 590 1184; x_wconf 90' lang='lat' dir='ltr'><strong>ad</strong></span> <span class='ocrx_word' id='word_1_84' title='bbox 613 1138 766 1185; x_wconf 90' lang='lat' dir='ltr'><strong>Taum</strong></span> <span class='ocrx_word' id='word_1_85' title='bbox 784 1142 799 1166; x_wconf 88' lang='lat'><em>⁵</em></span> <span class='ocrx_word' id='word_1_86' title='bbox 822 1138 1056 1203; x_wconf 83' lang='lat' dir='ltr'><strong>(aestuario</strong></span> <span class='ocrx_word' id='word_1_87' title='bbox 1073 1155 1244 1187; x_wconf 87' lang='lat' dir='ltr'><strong>nomen</strong></span> <span class='ocrx_word' id='word_1_88' title='bbox 1267 1140 1358 1201; x_wconf 85' lang='lat' dir='ltr'><strong>est)</strong></span> <span class='ocrx_word' id='word_1_89' title='bbox 1381 1140 1571 1190; x_wconf 87' lang='lat' dir='ltr'><strong>nationi-</strong></span> 
     </span>
     <span class='ocr_line' id='line_1_13' title="bbox 41 1211 1569 1279; baseline 0.004 -19"><span class='ocrx_word' id='word_1_90' title='bbox 41 1214 158 1263; x_wconf 89' lang='lat' dir='ltr'><strong>bus:</strong></span> <span class='ocrx_word' id='word_1_91' title='bbox 195 1211 288 1277; x_wconf 68' lang='lat' dir='ltr'><strong>qua</strong></span> <span class='ocrx_word' id='word_1_92' title='bbox 310 1211 555 1273; x_wconf 82' lang='lat' dir='ltr'><strong>formidine</strong></span> <span class='ocrx_word' id='word_1_93' title='bbox 577 1214 720 1262; x_wconf 89' lang='lat' dir='ltr'><strong>territi</strong></span> <span class='ocrx_word' id='word_1_94' title='bbox 742 1215 912 1274; x_wconf 90' lang='lat' dir='ltr'><strong>hostes,</strong></span> <span class='ocrx_word' id='word_1_95' title='bbox 956 1232 1237 1279; x_wconf 88' lang='lat' dir='ltr'><strong>quamquam</strong></span> <span class='ocrx_word' id='word_1_96' title='bbox 1259 1216 1569 1277; x_wconf 80' lang='lat' dir='ltr'><strong>conflictatum</strong></span> 
     </span>
    </p>
   </div>
   <div class='ocr_carea' id='block_1_6' title="bbox 39 1288 1644 1358">
    <p class='ocr_par' dir='ltr' id='par_1_6' title="bbox 39 1288 1644 1358">
     <span class='ocr_line' id='line_1_14' title="bbox 39 1288 1644 1358; baseline 0.003 -20"><span class='ocrx_word' id='word_1_97' title='bbox 39 1288 172 1338; x_wconf 87' lang='lat' dir='ltr'><strong>saevis</strong></span> <span class='ocrx_word' id='word_1_98' title='bbox 205 1290 546 1354; x_wconf 82' lang='lat' dir='ltr'><strong>tempestatibus</strong></span> <span class='ocrx_word' id='word_1_99' title='bbox 579 1293 851 1352; x_wconf 85' lang='lat' dir='ltr'><strong>exercitum,</strong></span> <span class='ocrx_word' id='word_1_100' title='bbox 874 1294 1093 1341; x_wconf 88' lang='lat' dir='ltr'><strong>lacessere</strong></span> <span class='ocrx_word' id='word_1_101' title='bbox 1115 1310 1211 1341; x_wconf 88' lang='lat' dir='ltr'><strong>non</strong></span> <span class='ocrx_word' id='word_1_102' title='bbox 1233 1293 1360 1342; x_wconf 86' lang='lat' dir='ltr'><strong>ausi:</strong></span> <span class='ocrx_word' id='word_1_103' title='bbox 1396 1311 1569 1358; x_wconf 91' lang='lat' dir='ltr'><strong>ponen-</strong></span> <span class='ocrx_word' id='word_1_104' title='bbox 1639 1334 1644 1336; x_wconf 85' lang='lat'><strong>.</strong></span> 
     </span>
    </p>
   </div>
   <div class='ocr_carea' id='block_1_7' title="bbox 37 1366 1567 1590">
    <p class='ocr_par' dir='ltr' id='par_1_7' title="bbox 37 1366 1567 1590">
     <span class='ocr_line' id='line_1_15' title="bbox 39 1366 1567 1437; baseline 0.005 -24"><span class='ocrx_word' id='word_1_105' title='bbox 39 1366 201 1431; x_wconf 89' lang='lat' dir='ltr'><strong>disque</strong></span> <span class='ocrx_word' id='word_1_106' title='bbox 231 1366 419 1430; x_wconf 89' lang='lat' dir='ltr'><strong>insuper</strong></span> <span class='ocrx_word' id='word_1_107' title='bbox 433 1423 437 1427; x_wconf 86' lang='lat'><strong>.</strong></span> <span class='ocrx_word' id='word_1_108' title='bbox 450 1369 643 1417; x_wconf 89' lang='lat' dir='ltr'><strong>castellis</strong></span> <span class='ocrx_word' id='word_1_109' title='bbox 675 1370 872 1434; x_wconf 87' lang='lat' dir='ltr'><strong>spatium</strong></span> <span class='ocrx_word' id='word_1_110' title='bbox 915 1369 1014 1419; x_wconf 88' lang='lat' dir='ltr'><strong>fuit.</strong></span> <span class='ocrx_word' id='word_1_111' title='bbox 1084 1371 1382 1419; x_wconf 89' lang='lat' dir='ltr'><strong>Adnotabant</strong></span> <span class='ocrx_word' id='word_1_112' title='bbox 1416 1372 1567 1437; x_wconf 89' lang='lat' dir='ltr'><strong>periti,</strong></span> 
     </span>
     <span class='ocr_line' id='line_1_16' title="bbox 37 1443 1562 1515; baseline 0.005 -24"><span class='ocrx_word' id='word_1_113' title='bbox 37 1459 134 1491; x_wconf 91' lang='lat' dir='ltr'><strong>non</strong></span> <span class='ocrx_word' id='word_1_114' title='bbox 154 1443 295 1492; x_wconf 86' lang='lat' dir='ltr'><strong>alium</strong></span> <span class='ocrx_word' id='word_1_115' title='bbox 309 1444 475 1494; x_wconf 91' lang='lat' dir='ltr'><strong>ducem</strong></span> <span class='ocrx_word' id='word_1_116' title='bbox 493 1448 851 1511; x_wconf 86' lang='lat' dir='ltr'><strong>opportunitates</strong></span> <span class='ocrx_word' id='word_1_117' title='bbox 873 1448 1084 1496; x_wconf 90' lang='lat' dir='ltr'><strong>locorum</strong></span> <span class='ocrx_word' id='word_1_118' title='bbox 1106 1448 1354 1512; x_wconf 72' lang='lat' dir='ltr'><strong>sapientius</strong></span> <span class='ocrx_word' id='word_1_119' title='bbox 1378 1449 1562 1515; x_wconf 87' lang='lat' dir='ltr'><strong>legisse:</strong></span> 
     </span>
     <span class='ocr_line' id='line_1_17' title="bbox 37 1520 1566 1590; baseline 0.003 -20"><span class='ocrx_word' id='word_1_120' title='bbox 37 1520 220 1570; x_wconf 90' lang='lat' dir='ltr'><strong>nullum</strong></span> <span class='ocrx_word' id='word_1_121' title='bbox 268 1521 326 1569; x_wconf 87' lang='lat' dir='ltr'><strong>ab</strong></span> <span class='ocrx_word' id='word_1_122' title='bbox 360 1523 583 1588; x_wconf 70' lang='lat' dir='ltr'><strong>Agricola</strong></span> <span class='ocrx_word' id='word_1_123' title='bbox 631 1526 832 1590; x_wconf 88' lang='lat' dir='ltr'><strong>positum</strong></span> <span class='ocrx_word' id='word_1_124' title='bbox 877 1527 1114 1575; x_wconf 87' lang='lat' dir='ltr'><strong>castellum</strong></span> <span class='ocrx_word' id='word_1_125' title='bbox 1162 1538 1241 1574; x_wconf 86' lang='lat' dir='ltr'><strong>aut</strong></span> <span class='ocrx_word' id='word_1_126' title='bbox 1272 1527 1319 1574; x_wconf 88' lang='lat' dir='ltr'><strong>vi</strong></span> <span class='ocrx_word' id='word_1_127' title='bbox 1363 1525 1566 1575; x_wconf 86' lang='lat' dir='ltr'><strong>hostium</strong></span> 
     </span>
    </p>
   </div>
   <div class='ocr_carea' id='block_1_8' title="bbox 10 1650 770 2878">
    <p class='ocr_par' dir='ltr' id='par_1_8' title="bbox 10 1650 770 2878">
     <span class='ocr_line' id='line_1_18' title="bbox 37 1650 768 1706; baseline 0.008 -20"><span class='ocrx_word' id='word_1_128' title='bbox 37 1656 121 1687; x_wconf 85' lang='lat' dir='ltr'><strong>rant</strong></span> <span class='ocrx_word' id='word_1_129' title='bbox 148 1650 186 1688; x_wconf 90' lang='lat' dir='ltr'><strong>in</strong></span> <span class='ocrx_word' id='word_1_130' title='bbox 220 1651 419 1690; x_wconf 64' lang='lat' dir='ltr'><strong>Britannia</strong></span> <span class='ocrx_word' id='word_1_131' title='bbox 452 1655 545 1693; x_wconf 88' lang='lat' dir='ltr'><strong>Julii</strong></span> <span class='ocrx_word' id='word_1_132' title='bbox 579 1656 768 1706; x_wconf 82' lang='lat' dir='ltr'><strong>Agricolae</strong></span> 
     </span>
     <span class='ocr_line' id='line_1_19' title="bbox 36 1703 768 1755; baseline 0.011 -16"><span class='ocrx_word' id='word_1_133' title='bbox 36 1703 208 1750; x_wconf 87' lang='lat' dir='ltr'><strong>domum,</strong></span> <span class='ocrx_word' id='word_1_134' title='bbox 262 1719 378 1755; x_wconf 87' lang='lat' dir='ltr'><strong>quarn</strong></span> <span class='ocrx_word' id='word_1_135' title='bbox 431 1717 569 1746; x_wconf 83' lang='lat' dir='ltr'><strong>vocant</strong></span> <span class='ocrx_word' id='word_1_136' title='bbox 612 1708 768 1747; x_wconf 72' lang='lat' dir='ltr'><strong>Jubins&#39;s</strong></span> 
     </span>
     <span class='ocr_line' id='line_1_20' title="bbox 10 1756 770 1812; baseline 0.011 -19"><span class='ocrx_word' id='word_1_137' title='bbox 10 1797 13 1799; x_wconf 54' lang='grc'>,</span> <span class='ocrx_word' id='word_1_138' title='bbox 36 1756 148 1806; x_wconf 77' lang='lat' dir='ltr'><strong>Hqff,</strong></span> <span class='ocrx_word' id='word_1_139' title='bbox 184 1757 243 1794; x_wconf 85' lang='lat' dir='ltr'><strong>vel</strong></span> <span class='ocrx_word' id='word_1_140' title='bbox 271 1760 427 1806; x_wconf 74' lang='lat' dir='ltr'><strong>House;</strong></span> <span class='ocrx_word' id='word_1_141' title='bbox 456 1763 586 1812; x_wconf 87' lang='lat' dir='ltr'><strong>ibique</strong></span> <span class='ocrx_word' id='word_1_142' title='bbox 616 1763 770 1801; x_wconf 82' lang='lat' dir='ltr'><strong>initiali-</strong></span> 
     </span>
     <span class='ocr_line' id='line_1_21' title="bbox 37 1811 766 1866; baseline 0.008 -19"><span class='ocrx_word' id='word_1_143' title='bbox 37 1811 108 1866; x_wconf 69' lang='lat' dir='ltr'><strong>bus</strong></span> <span class='ocrx_word' id='word_1_144' title='bbox 144 1811 260 1848; x_wconf 90' lang='lat' dir='ltr'><strong>literis</strong></span> <span class='ocrx_word' id='word_1_145' title='bbox 301 1813 541 1866; x_wconf 88' lang='lat' dir='ltr'><strong>inscriptum:</strong></span> <span class='ocrx_word' id='word_1_146' title='bbox 590 1817 621 1855; x_wconf 94' lang='lat' dir='ltr'><strong>I.</strong></span> <span class='ocrx_word' id='word_1_147' title='bbox 642 1819 690 1854; x_wconf 91' lang='lat' dir='ltr'><strong>A.</strong></span> <span class='ocrx_word' id='word_1_148' title='bbox 709 1817 766 1853; x_wconf 91' lang='lat' dir='ltr'><strong>M.</strong></span> 
     </span>
     <span class='ocr_line' id='line_1_22' title="bbox 36 1863 767 1919; baseline 0.011 -19"><span class='ocrx_word' id='word_1_149' title='bbox 36 1863 82 1901; x_wconf 87' lang='lat' dir='ltr'><strong>P.</strong></span> <span class='ocrx_word' id='word_1_150' title='bbox 97 1863 156 1902; x_wconf 92' lang='lat' dir='ltr'><strong>M.</strong></span> <span class='ocrx_word' id='word_1_151' title='bbox 168 1865 210 1902; x_wconf 83' lang='lat' dir='ltr'>P</span> <span class='ocrx_word' id='word_1_152' title='bbox 223 1864 269 1903; x_wconf 87' lang='lat' dir='ltr'><strong>T.</strong></span> <span class='ocrx_word' id='word_1_153' title='bbox 283 1870 383 1915; x_wconf 90' lang='lat' dir='ltr'><strong>quod</strong></span> <span class='ocrx_word' id='word_1_154' title='bbox 414 1869 608 1919; x_wconf 87' lang='lat' dir='ltr'><strong>explicant</strong></span> <span class='ocrx_word' id='word_1_155' title='bbox 640 1870 767 1908; x_wconf 72' lang='lat' dir='ltr'><strong>Julius</strong></span> 
     </span>
     <span class='ocr_line' id='line_1_23' title="bbox 36 1917 766 1972; baseline 0.011 -18"><span class='ocrx_word' id='word_1_156' title='bbox 36 1917 221 1968; x_wconf 79' lang='lat' dir='ltr'><strong>Agricola</strong></span> <span class='ocrx_word' id='word_1_157' title='bbox 252 1928 423 1971; x_wconf 78' lang='lat' dir='ltr'><strong>magnum</strong></span> <span class='ocrx_word' id='word_1_158' title='bbox 453 1923 606 1972; x_wconf 74' lang='lat' dir='ltr'><strong>pietatis</strong></span> <span class='ocrx_word' id='word_1_159' title='bbox 642 1937 766 1962; x_wconf 82' lang='lat' dir='ltr'><strong>mmm-</strong></span> 
     </span>
     <span class='ocr_line' id='line_1_24' title="bbox 33 1973 766 2025; baseline 0.011 -18"><span class='ocrx_word' id='word_1_160' title='bbox 33 1977 193 2010; x_wconf 85' lang='lat' dir='ltr'><strong>mentum</strong></span> <span class='ocrx_word' id='word_1_161' title='bbox 209 1973 333 2022; x_wconf 79' lang='lat' dir='ltr'><strong>posuit</strong></span> <span class='ocrx_word' id='word_1_162' title='bbox 346 1977 528 2025; x_wconf 82' lang='lat' dir='ltr'><strong>templum.</strong></span> <span class='ocrx_word' id='word_1_163' title='bbox 570 1977 669 2014; x_wconf 84' lang='lat' dir='ltr'><strong>Vide</strong></span> <span class='ocrx_word' id='word_1_164' title='bbox 683 1991 766 2015; x_wconf 85' lang='lat' dir='ltr'><strong>eru·</strong></span> 
     </span>
     <span class='ocr_line' id='line_1_25' title="bbox 35 2024 767 2081; baseline 0.012 -21"><span class='ocrx_word' id='word_1_165' title='bbox 35 2024 158 2061; x_wconf 87' lang='lat' dir='ltr'><strong>ditum</strong></span> <span class='ocrx_word' id='word_1_166' title='bbox 197 2025 368 2074; x_wconf 78' lang='lat' dir='ltr'><strong>Gor-don,</strong></span> <span class='ocrx_word' id='word_1_167' title='bbox 402 2029 640 2068; x_wconf 81' lang='lat' dir='ltr'><strong>ltinerarium</strong></span> <span class='ocrx_word' id='word_1_168' title='bbox 677 2031 767 2081; x_wconf 84' lang='lat' dir='ltr'><strong>Sep-</strong></span> 
     </span>
     <span class='ocr_line' id='line_1_26' title="bbox 36 2078 766 2130; baseline 0.011 -15"><span class='ocrx_word' id='word_1_169' title='bbox 36 2078 270 2124; x_wconf 56' lang='lat' dir='ltr'><strong>tenuiorem,</strong></span> <span class='ocrx_word' id='word_1_170' title='bbox 290 2093 327 2130; x_wconf 91' lang='lat' dir='ltr'><strong>p.</strong></span> <span class='ocrx_word' id='word_1_171' title='bbox 345 2085 409 2126; x_wconf 75' lang='lat'><strong>29.</strong></span> <span class='ocrx_word' id='word_1_172' title='bbox 437 2085 494 2120; x_wconf 88' lang='lat' dir='ltr'><strong>At</strong></span> <span class='ocrx_word' id='word_1_173' title='bbox 507 2084 545 2120; x_wconf 90' lang='lat' dir='ltr'><strong>in</strong></span> <span class='ocrx_word' id='word_1_174' title='bbox 570 2084 626 2122; x_wconf 88' lang='lat' dir='ltr'><strong>his</strong></span> <span class='ocrx_word' id='word_1_175' title='bbox 644 2085 766 2122; x_wconf 89' lang='lat' dir='ltr'><strong>facilis</strong></span> 
     </span>
     <span class='ocr_line' id='line_1_27' title="bbox 34 2131 765 2185; baseline 0.012 -18"><span class='ocrx_word' id='word_1_176' title='bbox 34 2139 91 2168; x_wconf 84' lang='lat' dir='ltr'><strong>est</strong></span> <span class='ocrx_word' id='word_1_177' title='bbox 105 2131 303 2180; x_wconf 80' lang='lat' dir='ltr'><strong>divinatio,</strong></span> <span class='ocrx_word' id='word_1_178' title='bbox 322 2134 496 2185; x_wconf 84' lang='lat' dir='ltr'><strong>proclivis</strong></span> <span class='ocrx_word' id='word_1_179' title='bbox 515 2149 629 2184; x_wconf 89' lang='lat' dir='ltr'><strong>error,</strong></span> <span class='ocrx_word' id='word_1_180' title='bbox 656 2139 765 2176; x_wconf 86' lang='lat' dir='ltr'><strong>raris-</strong></span> 
     </span>
     <span class='ocr_line' id='line_1_28' title="bbox 33 2184 763 2232; baseline 0.012 -11"><span class='ocrx_word' id='word_1_181' title='bbox 33 2184 130 2222; x_wconf 85' lang='lat' dir='ltr'><strong>sima</strong></span> <span class='ocrx_word' id='word_1_182' title='bbox 146 2186 294 2225; x_wconf 84' lang='lat' dir='ltr'><strong>veritas.</strong></span> <span class='ocrx_word' id='word_1_183' title='bbox 352 2189 433 2226; x_wconf 88' lang='lat' dir='ltr'><strong>Nec</strong></span> <span class='ocrx_word' id='word_1_184' title='bbox 452 2191 531 2227; x_wconf 77' lang='lat' dir='ltr'><strong>scio</strong></span> <span class='ocrx_word' id='word_1_185' title='bbox 548 2204 597 2232; x_wconf 82' lang='lat' dir='ltr'><strong>an</strong></span> <span class='ocrx_word' id='word_1_186' title='bbox 615 2200 763 2229; x_wconf 86' lang='lat' dir='ltr'><strong>aetatem</strong></span> 
     </span>
     <span class='ocr_line' id='line_1_29' title="bbox 32 2238 765 2296; baseline 0.014 -22"><span class='ocrx_word' id='word_1_187' title='bbox 32 2238 224 2288; x_wconf 86' lang='lat' dir='ltr'><strong>Agricolae</strong></span> <span class='ocrx_word' id='word_1_188' title='bbox 250 2240 372 2291; x_wconf 82' lang='lat' dir='ltr'><strong>sapiat</strong></span> <span class='ocrx_word' id='word_1_189' title='bbox 399 2243 568 2293; x_wconf 82' lang='lat' dir='ltr'><strong>templum</strong></span> <span class='ocrx_word' id='word_1_190' title='bbox 596 2258 765 2296; x_wconf 79' lang='lat' dir='ltr'><strong>magnum</strong></span> 
     </span>
     <span class='ocr_line' id='line_1_30' title="bbox 28 2291 766 2349; baseline 0.012 -21"><span class='ocrx_word' id='word_1_191' title='bbox 28 2291 186 2341; x_wconf 76' lang='lat' dir='ltr'><strong>pietatis</strong></span> <span class='ocrx_word' id='word_1_192' title='bbox 219 2301 497 2334; x_wconf 83' lang='lat' dir='ltr'><strong>monumentum.</strong></span> <span class='ocrx_word' id='word_1_193' title='bbox 556 2298 617 2334; x_wconf 91' lang='lat' dir='ltr'><strong>Ad</strong></span> <span class='ocrx_word' id='word_1_194' title='bbox 655 2299 766 2349; x_wconf 81' lang='lat' dir='ltr'><strong>Agri-</strong></span> 
     </span>
     <span class='ocr_line' id='line_1_31' title="bbox 34 2344 764 2398; baseline 0.014 -17"><span class='ocrx_word' id='word_1_195' title='bbox 34 2344 159 2383; x_wconf 88' lang='lat' dir='ltr'><strong>colam</strong></span> <span class='ocrx_word' id='word_1_196' title='bbox 197 2358 350 2398; x_wconf 82' lang='lat' dir='ltr'><strong>quoque</strong></span> <span class='ocrx_word' id='word_1_197' title='bbox 376 2349 541 2389; x_wconf 88' lang='lat' dir='ltr'><strong>referunt</strong></span> <span class='ocrx_word' id='word_1_198' title='bbox 568 2352 764 2398; x_wconf 83' lang='lat' dir='ltr'><strong>sacellum,</strong></span> 
     </span>
     <span class='ocr_line' id='line_1_32' title="bbox 33 2399 765 2455; baseline 0.014 -21"><span class='ocrx_word' id='word_1_199' title='bbox 33 2400 134 2448; x_wconf 90' lang='lat' dir='ltr'><strong>quod</strong></span> <span class='ocrx_word' id='word_1_200' title='bbox 179 2399 307 2438; x_wconf 83' lang='lat' dir='ltr'><strong>adhuc</strong></span> <span class='ocrx_word' id='word_1_201' title='bbox 347 2409 454 2439; x_wconf 87' lang='lat' dir='ltr'><strong>extat</strong></span> <span class='ocrx_word' id='word_1_202' title='bbox 491 2404 529 2441; x_wconf 90' lang='lat' dir='ltr'><strong>in</strong></span> <span class='ocrx_word' id='word_1_203' title='bbox 568 2405 765 2455; x_wconf 59' lang='lat' dir='ltr'><strong>provincia</strong></span> 
     </span>
     <span class='ocr_line' id='line_1_33' title="bbox 34 2450 765 2504; baseline 0.012 -16"><span class='ocrx_word' id='word_1_204' title='bbox 34 2450 217 2502; x_wconf 83' lang='lat' dir='ltr'><strong>Sterling,</strong></span> <span class='ocrx_word' id='word_1_205' title='bbox 236 2465 352 2504; x_wconf 87' lang='lat' dir='ltr'><strong>prope</strong></span> <span class='ocrx_word' id='word_1_206' title='bbox 371 2455 591 2495; x_wconf 83' lang='lat' dir='ltr'><strong>Bodotriam</strong></span> <span class='ocrx_word' id='word_1_207' title='bbox 610 2461 765 2497; x_wconf 85' lang='lat' dir='ltr'><strong>ostium·</strong></span> 
     </span>
     <span class='ocr_line' id='line_1_34' title="bbox 32 2505 764 2555; baseline 0.014 -15"><span class='ocrx_word' id='word_1_208' title='bbox 32 2517 108 2555; x_wconf 90' lang='lat' dir='ltr'><strong>que</strong></span> <span class='ocrx_word' id='word_1_209' title='bbox 126 2505 245 2542; x_wconf 85' lang='lat' dir='ltr'><strong>amnis</strong></span> <span class='ocrx_word' id='word_1_210' title='bbox 263 2505 422 2546; x_wconf 73' lang='lat' dir='ltr'><strong>Car-ron.</strong></span> <span class='ocrx_word' id='word_1_211' title='bbox 453 2511 644 2550; x_wconf 85' lang='lat' dir='ltr'><strong>Sacellum</strong></span> <span class='ocrx_word' id='word_1_212' title='bbox 662 2525 764 2550; x_wconf 88' lang='lat' dir='ltr'><strong>nunc</strong></span> 
     </span>
     <span class='ocr_line' id='line_1_35' title="bbox 31 2558 763 2610; baseline 0.014 -16"><span class='ocrx_word' id='word_1_213' title='bbox 31 2558 176 2596; x_wconf 85' lang='lat' dir='ltr'><strong>dicitur</strong></span> <span class='ocrx_word' id='word_1_214' title='bbox 213 2559 392 2599; x_wconf 76' lang='lat' dir='ltr'><strong>Artknr&#39;s</strong></span> <span class='ocrx_word' id='word_1_215' title='bbox 420 2562 512 2610; x_wconf 70' lang='lat' dir='ltr'><strong>Oaem,</strong></span> <span class='ocrx_word' id='word_1_216' title='bbox 555 2565 610 2602; x_wconf 80' lang='lat' dir='ltr'><strong>vel</strong></span> <span class='ocrx_word' id='word_1_217' title='bbox 650 2566 763 2604; x_wconf 66' lang='lat' dir='ltr'><strong>Oeen.</strong></span> 
     </span>
     <span class='ocr_line' id='line_1_36' title="bbox 33 2610 765 2664; baseline 0.012 -16"><span class='ocrx_word' id='word_1_218' title='bbox 33 2610 139 2649; x_wconf 88' lang='lat' dir='ltr'><strong>Illud</strong></span> <span class='ocrx_word' id='word_1_219' title='bbox 166 2612 284 2650; x_wconf 86' lang='lat' dir='ltr'><strong>Marti</strong></span> <span class='ocrx_word' id='word_1_220' title='bbox 323 2615 508 2664; x_wconf 79' lang='lat' dir='ltr'><strong>signifero,</strong></span> <span class='ocrx_word' id='word_1_221' title='bbox 536 2626 604 2656; x_wconf 87' lang='lat' dir='ltr'><strong>aut</strong></span> <span class='ocrx_word' id='word_1_222' title='bbox 635 2619 765 2664; x_wconf 87' lang='lat' dir='ltr'><strong>ultori,</strong></span> 
     </span>
     <span class='ocr_line' id='line_1_37' title="bbox 32 2665 763 2715; baseline 0.012 -14"><span class='ocrx_word' id='word_1_223' title='bbox 32 2665 207 2715; x_wconf 77' lang='lat' dir='ltr'><strong>positum</strong></span> <span class='ocrx_word' id='word_1_224' title='bbox 228 2666 342 2704; x_wconf 83' lang='lat' dir='ltr'><strong>fuisse</strong></span> <span class='ocrx_word' id='word_1_225' title='bbox 369 2669 511 2708; x_wconf 83' lang='lat' dir='ltr'><strong>volunt.</strong></span> <span class='ocrx_word' id='word_1_226' title='bbox 567 2671 681 2709; x_wconf 61' lang='lat' dir='ltr'><strong>Vide?</strong></span> <span class='ocrx_word' id='word_1_227' title='bbox 704 2673 763 2711; x_wconf 92' lang='lat' dir='ltr'><strong>Cl.</strong></span> 
     </span>
     <span class='ocr_line' id='line_1_38' title="bbox 29 2718 766 2775; baseline 0.012 -20"><span class='ocrx_word' id='word_1_228' title='bbox 29 2718 204 2764; x_wconf 85' lang='lat' dir='ltr'><strong>Gordon,</strong></span> <span class='ocrx_word' id='word_1_229' title='bbox 221 2718 314 2757; x_wconf 88' lang='lat' dir='ltr'><strong>ibid.</strong></span> <span class='ocrx_word' id='word_1_230' title='bbox 371 2721 468 2761; x_wconf 86' lang='lat' dir='ltr'><strong>Fora</strong></span> <span class='ocrx_word' id='word_1_231' title='bbox 485 2724 646 2775; x_wconf 60' lang='lat' dir='ltr'><strong>Anglicb</strong></span> <span class='ocrx_word' id='word_1_232' title='bbox 673 2725 766 2764; x_wconf 88' lang='lat' dir='ltr'><strong>dici-</strong></span> 
     </span>
     <span class='ocr_line' id='line_1_39' title="bbox 31 2773 764 2827; baseline 0.011 -19"><span class='ocrx_word' id='word_1_233' title='bbox 31 2783 117 2809; x_wconf 87' lang='lat' dir='ltr'><strong>mus</strong></span> <span class='ocrx_word' id='word_1_234' title='bbox 131 2778 258 2810; x_wconf 79' lang='lat' dir='ltr'><strong>courts</strong></span> <span class='ocrx_word' id='word_1_235' title='bbox 271 2773 320 2821; x_wconf 86' lang='lat' dir='ltr'><strong>⁰f</strong></span> <span class='ocrx_word' id='word_1_236' title='bbox 314 2776 484 2825; x_wconf 78' lang='lat' dir='ltr'><strong>justice:</strong></span> <span class='ocrx_word' id='word_1_237' title='bbox 505 2777 655 2827; x_wconf 80' lang='lat' dir='ltr'><strong>domuS‚</strong></span> <span class='ocrx_word' id='word_1_238' title='bbox 673 2792 764 2818; x_wconf 87' lang='lat' dir='ltr'><strong>com·</strong></span> 
     </span>
     <span class='ocr_line' id='line_1_40' title="bbox 30 2825 537 2878; baseline 0.014 -16"><span class='ocrx_word' id='word_1_239' title='bbox 30 2825 194 2864; x_wconf 74' lang='lat' dir='ltr'><strong>modious</strong></span> <span class='ocrx_word' id='word_1_240' title='bbox 207 2826 537 2878; x_wconf 79' lang='lat' dir='ltr'><strong>dwelling·houses.</strong></span> 
     </span>
    </p>
   </div>
   <div class='ocr_carea' id='block_1_9' title="bbox 85 2927 766 3042">
    <p class='ocr_par' dir='ltr' id='par_1_9' title="bbox 85 2927 766 3042">
     <span class='ocr_line' id='line_1_41' title="bbox 85 2927 766 2979; baseline 0.015 -10"><span class='ocrx_word' id='word_1_241' title='bbox 85 2927 106 2952; x_wconf 90' lang='lat'><strong>¹·</strong></span> <span class='ocrx_word' id='word_1_242' title='bbox 127 2930 308 2972; x_wconf 82' lang='lat' dir='ltr'><strong>Erudire.</strong></span> <span class='ocrx_word' id='word_1_243' title='bbox 362 2934 508 2973; x_wconf 72' lang='lat' dir='ltr'><strong>Eadem</strong></span> <span class='ocrx_word' id='word_1_244' title='bbox 543 2935 766 2979; x_wconf 67' lang='lat' dir='ltr'><strong>certissima-</strong></span> 
     </span>
     <span class='ocr_line' id='line_1_42' title="bbox 302 3001 582 3042; baseline 0.032 -9"><span class='ocrx_word' id='word_1_245' title='bbox 302 3001 421 3038; x_wconf 74' lang='lat' dir='ltr'><strong>vol...</strong></span> <span class='ocrx_word' id='word_1_246' title='bbox 454 3002 527 3038; x_wconf 80' lang='lat' dir='ltr'><strong>1V.</strong></span> <span class='ocrx_word' id='word_1_247' title='bbox 580 3039 582 3042; x_wconf 94' lang='lat'><strong>.</strong></span> 
     </span>
    </p>
   </div>
   <div class='ocr_carea' id='block_1_10' title="bbox 819 1653 1604 2875">
    <p class='ocr_par' dir='ltr' id='par_1_10' title="bbox 825 1653 1570 1813">
     <span class='ocr_line' id='line_1_43' title="bbox 825 1653 1564 1706; baseline 0 -13"><span class='ocrx_word' id='word_1_248' title='bbox 825 1668 899 1705; x_wconf 88' lang='lat' dir='ltr'><strong>que</strong></span> <span class='ocrx_word' id='word_1_249' title='bbox 931 1662 1011 1693; x_wconf 86' lang='lat' dir='ltr'><strong>arte</strong></span> <span class='ocrx_word' id='word_1_250' title='bbox 1042 1655 1133 1692; x_wconf 90' lang='lat' dir='ltr'><strong>olim</strong></span> <span class='ocrx_word' id='word_1_251' title='bbox 1156 1667 1246 1693; x_wconf 83' lang='lat' dir='ltr'><strong>usus</strong></span> <span class='ocrx_word' id='word_1_252' title='bbox 1274 1663 1327 1693; x_wconf 75' lang='lat' dir='ltr'><strong>ost</strong></span> <span class='ocrx_word' id='word_1_253' title='bbox 1355 1653 1564 1706; x_wconf 76' lang='lat' dir='ltr'><strong>Augustus,</strong></span> 
     </span>
     <span class='ocr_line' id='line_1_44' title="bbox 825 1709 1570 1759; baseline 0 -13"><span class='ocrx_word' id='word_1_254' title='bbox 825 1716 870 1746; x_wconf 91' lang='lat' dir='ltr'><strong>ut</strong></span> <span class='ocrx_word' id='word_1_255' title='bbox 897 1710 1020 1747; x_wconf 86' lang='lat' dir='ltr'><strong>videre</strong></span> <span class='ocrx_word' id='word_1_256' title='bbox 1047 1717 1101 1747; x_wconf 88' lang='lat' dir='ltr'><strong>est</strong></span> <span class='ocrx_word' id='word_1_257' title='bbox 1134 1709 1238 1759; x_wconf 85' lang='lat' dir='ltr'><strong>apud</strong></span> <span class='ocrx_word' id='word_1_258' title='bbox 1268 1710 1494 1747; x_wconf 87' lang='lat' dir='ltr'><strong>Suetonium</strong></span> <span class='ocrx_word' id='word_1_259' title='bbox 1523 1710 1570 1746; x_wconf 87' lang='lat' dir='ltr'><strong>in-</strong></span> 
     </span>
     <span class='ocr_line' id='line_1_45' title="bbox 825 1765 1349 1813; baseline -0.004 -13"><span class='ocrx_word' id='word_1_260' title='bbox 825 1765 926 1813; x_wconf 82' lang='lat' dir='ltr'><strong>Aug.</strong></span> <span class='ocrx_word' id='word_1_261' title='bbox 944 1775 1100 1800; x_wconf 63' lang='lat' dir='ltr'><strong>xcviu.</strong></span> <span class='ocrx_word' id='word_1_262' title='bbox 1347 1771 1349 1774; x_wconf 60' lang='lat'><em>⁴</em></span> 
     </span>
    </p>

    <p class='ocr_par' dir='ltr' id='par_1_11' title="bbox 819 1815 1604 2403">
     <span class='ocr_line' id='line_1_46' title="bbox 878 1815 1562 1862; baseline -0.001 -8"><span class='ocrx_word' id='word_1_263' title='bbox 878 1815 894 1830; x_wconf 85' lang='lat'>²</span> <span class='ocrx_word' id='word_1_264' title='bbox 922 1817 1067 1855; x_wconf 68' lang='lat' dir='ltr'><strong>Studiis</strong></span> <span class='ocrx_word' id='word_1_265' title='bbox 1085 1816 1294 1854; x_wconf 79' lang='lat' dir='ltr'><strong>Gallorum.</strong></span> <span class='ocrx_word' id='word_1_266' title='bbox 1351 1817 1489 1862; x_wconf 83' lang='lat' dir='ltr'><strong>Duret,</strong></span> <span class='ocrx_word' id='word_1_267' title='bbox 1508 1816 1562 1853; x_wconf 84' lang='lat' dir='ltr'><strong>vi-</strong></span> 
     </span>
     <span class='ocr_line' id='line_1_47' title="bbox 823 1869 1559 1920; baseline 0 -14"><span class='ocrx_word' id='word_1_268' title='bbox 823 1876 920 1919; x_wconf 81' lang='lat' dir='ltr'><strong>geat,</strong></span> <span class='ocrx_word' id='word_1_269' title='bbox 958 1878 1177 1920; x_wconf 85' lang='lat' dir='ltr'><strong>crescatque</strong></span> <span class='ocrx_word' id='word_1_270' title='bbox 1210 1869 1311 1920; x_wconf 83' lang='lat' dir='ltr'><strong>apud</strong></span> <span class='ocrx_word' id='word_1_271' title='bbox 1358 1876 1559 1919; x_wconf 79' lang='lat' dir='ltr'><strong>utramque</strong></span> 
     </span>
     <span class='ocr_line' id='line_1_48' title="bbox 824 1923 1559 1974; baseline 0.001 -14"><span class='ocrx_word' id='word_1_272' title='bbox 824 1931 968 1973; x_wconf 88' lang='lat' dir='ltr'><strong>gentem</strong></span> <span class='ocrx_word' id='word_1_273' title='bbox 990 1924 1071 1960; x_wconf 89' lang='lat' dir='ltr'><strong>haec</strong></span> <span class='ocrx_word' id='word_1_274' title='bbox 1090 1923 1295 1970; x_wconf 64' lang='lat' dir='ltr'><strong>aemulatio,</strong></span> <span class='ocrx_word' id='word_1_275' title='bbox 1323 1923 1559 1974; x_wconf 74' lang='lat' dir='ltr'><strong>ingeniorum</strong></span> 
     </span>
     <span class='ocr_line' id='line_1_49' title="bbox 823 1975 1604 2027; baseline -0.001 -13"><span class='ocrx_word' id='word_1_276' title='bbox 823 1975 940 2027; x_wconf 81' lang='lat' dir='ltr'><strong>atque</strong></span> <span class='ocrx_word' id='word_1_277' title='bbox 965 1977 1178 2014; x_wconf 85' lang='lat' dir='ltr'><strong>studiorum</strong></span> <span class='ocrx_word' id='word_1_278' title='bbox 1207 1989 1338 2027; x_wconf 86' lang='lat' dir='ltr'><strong>parens</strong></span> <span class='ocrx_word' id='word_1_279' title='bbox 1366 1976 1559 2027; x_wconf 78' lang='lat' dir='ltr'><strong>altrixque</strong></span> <span class='ocrx_word' id='word_1_280' title='bbox 1598 1987 1604 1993; x_wconf 85' lang='grc'><strong>’</strong></span> 
     </span>
     <span class='ocr_line' id='line_1_50' title="bbox 824 2030 1559 2079; baseline 0.001 -12"><span class='ocrx_word' id='word_1_281' title='bbox 824 2030 1125 2069; x_wconf 80' lang='lat' dir='ltr'><strong>foecumlissima!</strong></span> <span class='ocrx_word' id='word_1_282' title='bbox 1167 2031 1312 2079; x_wconf 82' lang='lat' dir='ltr'><strong>Mirum</strong></span> <span class='ocrx_word' id='word_1_283' title='bbox 1348 2038 1475 2068; x_wconf 86' lang='lat' dir='ltr'><strong>autem</strong></span> <span class='ocrx_word' id='word_1_284' title='bbox 1504 2039 1559 2077; x_wconf 86' lang='lat' dir='ltr'><strong>est</strong></span> 
     </span>
     <span class='ocr_line' id='line_1_51' title="bbox 823 2083 1559 2134; baseline 0 -14"><span class='ocrx_word' id='word_1_285' title='bbox 823 2084 1041 2134; x_wconf 82' lang='lat' dir='ltr'><strong>Agricolam</strong></span> <span class='ocrx_word' id='word_1_286' title='bbox 1068 2084 1106 2120; x_wconf 92' lang='lat' dir='ltr'><strong>in</strong></span> <span class='ocrx_word' id='word_1_287' title='bbox 1126 2083 1198 2121; x_wconf 65' lang='lat' dir='ltr'><strong>hac</strong></span> <span class='ocrx_word' id='word_1_288' title='bbox 1228 2091 1441 2133; x_wconf 85' lang='lat' dir='ltr'><strong>temporum</strong></span> <span class='ocrx_word' id='word_1_289' title='bbox 1475 2084 1559 2120; x_wconf 88' lang='lat' dir='ltr'><strong>bar-</strong></span> 
     </span>
     <span class='ocr_line' id='line_1_52' title="bbox 823 2137 1558 2187; baseline -0.001 -13"><span class='ocrx_word' id='word_1_290' title='bbox 823 2138 923 2174; x_wconf 82' lang='lat' dir='ltr'><strong>barie</strong></span> <span class='ocrx_word' id='word_1_291' title='bbox 942 2137 1090 2187; x_wconf 83' lang='lat' dir='ltr'><strong>ingenia</strong></span> <span class='ocrx_word' id='word_1_292' title='bbox 1108 2138 1375 2174; x_wconf 82' lang='lat' dir='ltr'><strong>Britannorum</strong></span> <span class='ocrx_word' id='word_1_293' title='bbox 1396 2150 1558 2187; x_wconf 80' lang='lat' dir='ltr'><strong>praesen-</strong></span> 
     </span>
     <span class='ocr_line' id='line_1_53' title="bbox 819 2190 1558 2241; baseline -0.001 -14"><span class='ocrx_word' id='word_1_294' title='bbox 819 2191 919 2236; x_wconf 80' lang='lat' dir='ltr'><strong>sisso,</strong></span> <span class='ocrx_word' id='word_1_295' title='bbox 937 2204 1036 2241; x_wconf 77' lang='lat' dir='ltr'><strong>quae,</strong></span> <span class='ocrx_word' id='word_1_296' title='bbox 1061 2199 1116 2228; x_wconf 87' lang='lat' dir='ltr'><strong>tot</strong></span> <span class='ocrx_word' id='word_1_297' title='bbox 1133 2191 1216 2241; x_wconf 75' lang='lat' dir='ltr'><strong>post</strong></span> <span class='ocrx_word' id='word_1_298' title='bbox 1233 2190 1384 2236; x_wconf 88' lang='lat' dir='ltr'><strong>seculis,</strong></span> <span class='ocrx_word' id='word_1_299' title='bbox 1403 2191 1558 2228; x_wconf 82' lang='lat' dir='ltr'><strong>immor-</strong></span> 
     </span>
     <span class='ocr_line' id='line_1_54' title="bbox 819 2243 1562 2282; baseline 0.001 -1"><span class='ocrx_word' id='word_1_300' title='bbox 819 2245 958 2281; x_wconf 85' lang='lat' dir='ltr'><strong>talibus</strong></span> <span class='ocrx_word' id='word_1_301' title='bbox 986 2243 1278 2281; x_wconf 88' lang='lat' dir='ltr'><strong>clarissimorum</strong></span> <span class='ocrx_word' id='word_1_302' title='bbox 1299 2243 1464 2282; x_wconf 84' lang='lat' dir='ltr'><strong>virorum</strong></span> <span class='ocrx_word' id='word_1_303' title='bbox 1483 2245 1562 2282; x_wconf 74' lang='lat' dir='ltr'><strong>Ba-</strong></span> 
     </span>
     <span class='ocr_line' id='line_1_55' title="bbox 820 2297 1555 2348; baseline -0.001 -12"><span class='ocrx_word' id='word_1_304' title='bbox 820 2311 899 2343; x_wconf 76' lang='lat' dir='ltr'><strong>con,</strong></span> <span class='ocrx_word' id='word_1_305' title='bbox 920 2297 1075 2343; x_wconf 78' lang='lat' dir='ltr'><strong>Milton,</strong></span> <span class='ocrx_word' id='word_1_306' title='bbox 1105 2298 1278 2342; x_wconf 68' lang='lat' dir='ltr'><strong>Nemora,</strong></span> <span class='ocrx_word' id='word_1_307' title='bbox 1314 2298 1555 2348; x_wconf 86' lang='lat' dir='ltr'><strong>aliorumque</strong></span> 
     </span>
     <span class='ocr_line' id='line_1_56' title="bbox 819 2350 1500 2403; baseline 0.003 -16"><span class='ocrx_word' id='word_1_308' title='bbox 819 2351 1069 2403; x_wconf 85' lang='lat' dir='ltr'><strong>plurimorum</strong></span> <span class='ocrx_word' id='word_1_309' title='bbox 1085 2351 1261 2400; x_wconf 87' lang='lat' dir='ltr'><strong>operibus</strong></span> <span class='ocrx_word' id='word_1_310' title='bbox 1274 2350 1500 2390; x_wconf 84' lang='lat' dir='ltr'><strong>inclaruere.</strong></span> 
     </span>
    </p>

    <p class='ocr_par' dir='ltr' id='par_1_12' title="bbox 823 2401 1555 2501">
     <span class='ocr_line' id='line_1_57' title="bbox 872 2401 1555 2453; baseline 0.001 -12"><span class='ocrx_word' id='word_1_311' title='bbox 872 2401 887 2424; x_wconf 79' lang='lat'>³</span> <span class='ocrx_word' id='word_1_312' title='bbox 920 2404 1070 2441; x_wconf 77' lang='lat' dir='ltr'><strong>Tertius</strong></span> <span class='ocrx_word' id='word_1_313' title='bbox 1116 2403 1382 2453; x_wconf 73' lang='lat' dir='ltr'><strong>expeditionum</strong></span> <span class='ocrx_word' id='word_1_314' title='bbox 1423 2418 1555 2444; x_wconf 74' lang='lat' dir='ltr'><strong>armus.</strong></span> 
     </span>
     <span class='ocr_line' id='line_1_58' title="bbox 823 2458 1543 2501; baseline 0 -7"><span class='ocrx_word' id='word_1_315' title='bbox 823 2459 870 2494; x_wconf 84' lang='lat' dir='ltr'><strong>A.</strong></span> <span class='ocrx_word' id='word_1_316' title='bbox 891 2459 939 2495; x_wconf 91' lang='lat' dir='ltr'><strong>U.</strong></span> <span class='ocrx_word' id='word_1_317' title='bbox 959 2459 1005 2495; x_wconf 90' lang='lat' dir='ltr'><strong>C.</strong></span> <span class='ocrx_word' id='word_1_318' title='bbox 1027 2461 1117 2497; x_wconf 86' lang='lat'><strong>833.</strong></span> <span class='ocrx_word' id='word_1_319' title='bbox 1145 2458 1183 2495; x_wconf 89' lang='lat' dir='ltr'><strong>J.</strong></span> <span class='ocrx_word' id='word_1_320' title='bbox 1203 2458 1247 2495; x_wconf 92' lang='lat' dir='ltr'><strong>C.</strong></span> <span class='ocrx_word' id='word_1_321' title='bbox 1270 2462 1333 2495; x_wconf 88' lang='lat'><strong>80.</strong></span> <span class='ocrx_word' id='word_1_322' title='bbox 1534 2498 1543 2501; x_wconf 52' lang='grc'><strong>,,</strong></span> 
     </span>
    </p>

    <p class='ocr_par' dir='ltr' id='par_1_13' title="bbox 819 2510 1554 2831">
     <span class='ocr_line' id='line_1_59' title="bbox 871 2510 1552 2562; baseline 0.001 -14"><span class='ocrx_word' id='word_1_323' title='bbox 871 2510 890 2531; x_wconf 76' lang='lat'>4</span> <span class='ocrx_word' id='word_1_324' title='bbox 918 2511 1048 2548; x_wconf 73' lang='lat' dir='ltr'><strong>Novas</strong></span> <span class='ocrx_word' id='word_1_325' title='bbox 1088 2516 1231 2561; x_wconf 77' lang='lat' dir='ltr'><strong>gentes.</strong></span> <span class='ocrx_word' id='word_1_326' title='bbox 1287 2511 1427 2549; x_wconf 85' lang='lat' dir='ltr'><strong>Gentes</strong></span> <span class='ocrx_word' id='word_1_327' title='bbox 1465 2525 1552 2562; x_wconf 85' lang='lat' dir='ltr'><strong>quae</strong></span> 
     </span>
     <span class='ocr_line' id='line_1_60' title="bbox 819 2563 1552 2614; baseline 0.004 -14"><span class='ocrx_word' id='word_1_328' title='bbox 819 2572 925 2602; x_wconf 89' lang='lat' dir='ltr'><strong>erant</strong></span> <span class='ocrx_word' id='word_1_329' title='bbox 956 2565 1054 2602; x_wconf 80' lang='lat' dir='ltr'><strong>inter</strong></span> <span class='ocrx_word' id='word_1_330' title='bbox 1073 2563 1345 2614; x_wconf 72' lang='lat' dir='ltr'><strong>Solwags-Firtlz</strong></span> <span class='ocrx_word' id='word_1_331' title='bbox 1374 2573 1411 2603; x_wconf 82' lang='lat' dir='ltr'><strong>et</strong></span> <span class='ocrx_word' id='word_1_332' title='bbox 1441 2565 1552 2603; x_wconf 69' lang='lat' dir='ltr'><strong>Firtlz</strong></span> 
     </span>
     <span class='ocr_line' id='line_1_61' title="bbox 819 2618 1553 2669; baseline 0.003 -14"><span class='ocrx_word' id='word_1_333' title='bbox 819 2618 868 2669; x_wconf 76' lang='lat' dir='ltr'><strong>qs</strong></span> <span class='ocrx_word' id='word_1_334' title='bbox 888 2618 981 2669; x_wconf 70' lang='lat' dir='ltr'><strong>Tay.</strong></span> <span class='ocrx_word' id='word_1_335' title='bbox 1036 2618 1094 2655; x_wconf 91' lang='lat' dir='ltr'><strong>Ibi</strong></span> <span class='ocrx_word' id='word_1_336' title='bbox 1122 2629 1222 2654; x_wconf 90' lang='lat' dir='ltr'><strong>nunc</strong></span> <span class='ocrx_word' id='word_1_337' title='bbox 1241 2619 1444 2663; x_wconf 79' lang='lat' dir='ltr'><strong>provinciae</strong></span> <span class='ocrx_word' id='word_1_338' title='bbox 1474 2620 1553 2657; x_wconf 88' lang='lat' dir='ltr'><strong>An-</strong></span> 
     </span>
     <span class='ocr_line' id='line_1_62' title="bbox 819 2670 1554 2721; baseline 0.003 -13"><span class='ocrx_word' id='word_1_339' title='bbox 819 2672 988 2717; x_wconf 80' lang='lat' dir='ltr'><strong>nandale,</strong></span> <span class='ocrx_word' id='word_1_340' title='bbox 1018 2671 1193 2715; x_wconf 68' lang='lat' dir='ltr'><strong>Emdule,</strong></span> <span class='ocrx_word' id='word_1_341' title='bbox 1219 2670 1409 2721; x_wconf 67' lang='lat' dir='ltr'><strong>Clysdale,</strong></span> <span class='ocrx_word' id='word_1_342' title='bbox 1432 2671 1554 2710; x_wconf 81' lang='lat' dir='ltr'><strong>Twee-</strong></span> 
     </span>
     <span class='ocr_line' id='line_1_63' title="bbox 820 2724 1553 2776; baseline 0.001 -15"><span class='ocrx_word' id='word_1_343' title='bbox 820 2725 914 2771; x_wconf 83' lang='lat' dir='ltr'><strong>dale,</strong></span> <span class='ocrx_word' id='word_1_344' title='bbox 942 2725 1124 2769; x_wconf 77' lang='lat' dir='ltr'><strong>Berwick,</strong></span> <span class='ocrx_word' id='word_1_345' title='bbox 1153 2724 1328 2770; x_wconf 74' lang='lat' dir='ltr'><strong>Lothian,</strong></span> <span class='ocrx_word' id='word_1_346' title='bbox 1368 2724 1553 2776; x_wconf 84' lang='lat' dir='ltr'><strong>Sterling,</strong></span> 
     </span>
     <span class='ocr_line' id='line_1_64' title="bbox 820 2777 1527 2831; baseline -0.004 -15"><span class='ocrx_word' id='word_1_347' title='bbox 820 2778 1006 2823; x_wconf 66' lang='lat' dir='ltr'><strong>Mentem,</strong></span> <span class='ocrx_word' id='word_1_348' title='bbox 1034 2778 1165 2822; x_wconf 78' lang='lat' dir='ltr'><strong>Perth,</strong></span> <span class='ocrx_word' id='word_1_349' title='bbox 1185 2777 1280 2828; x_wconf 70' lang='lat' dir='ltr'><strong>Fife.</strong></span> <span class='ocrx_word' id='word_1_350' title='bbox 1500 2806 1527 2831; x_wconf 57' lang='lat'>4</span> 
     </span>
    </p>

    <p class='ocr_par' dir='ltr' id='par_1_14' title="bbox 871 2829 1554 2875">
     <span class='ocr_line' id='line_1_65' title="bbox 871 2829 1554 2875; baseline -0.001 -6"><span class='ocrx_word' id='word_1_351' title='bbox 871 2829 884 2851; x_wconf 80' lang='lat'><strong>⁵</strong></span> <span class='ocrx_word' id='word_1_352' title='bbox 916 2832 980 2869; x_wconf 81' lang='lat' dir='ltr'><strong>Ad</strong></span> <span class='ocrx_word' id='word_1_353' title='bbox 1017 2831 1144 2870; x_wconf 86' lang='lat' dir='ltr'><strong>Taum.</strong></span> <span class='ocrx_word' id='word_1_354' title='bbox 1208 2831 1554 2875; x_wconf 73' lang='lat' dir='ltr'><strong>AEstuariumillud</strong></span> 
     </span>
    </p>
   </div>
   <div class='ocr_carea' id='block_1_11' title="bbox 818 2883 1240 2936">
    <p class='ocr_par' dir='ltr' id='par_1_15' title="bbox 818 2883 1240 2936">
     <span class='ocr_line' id='line_1_66' title="bbox 818 2883 1240 2936; baseline -0.005 -13"><span class='ocrx_word' id='word_1_355' title='bbox 818 2893 926 2923; x_wconf 56' lang='lat' dir='ltr'><strong>nunc*</strong></span> <span class='ocrx_word' id='word_1_356' title='bbox 947 2883 1060 2924; x_wconf 75' lang='lat' dir='ltr'><strong>Firtlt</strong></span> <span class='ocrx_word' id='word_1_357' title='bbox 1078 2885 1125 2936; x_wconf 74' lang='lat' dir='ltr'><strong>qf</strong></span> <span class='ocrx_word' id='word_1_358' title='bbox 1146 2883 1240 2935; x_wconf 71' lang='lat' dir='ltr'><strong>Tay.</strong></span> 
     </span>
    </p>
   </div>
  </div>
 </body>
</html>
