1768 3236
46 172 92 214 J.
104 171 152 212 c.
170 173 238 214 30.
465 164 619 210 mm
645 163 843 211 QU1NT1
870 164 1194 205 ANNAL1UM.
1303 154 1311 163 ‘
1514 170 1596 207 22⁵

47 272 231 341 collega
272 270 520 335 Principe‚¹
567 267 865 334 designatur:
913 266 1060 327 Livia,
1110 269 1346 333 quondam
1389 275 1591 337 negata,²

44 351 353 418 permittitur:
389 348 543 396 omnia
577 346 861 411 principatus
896 356 1238 395 auctoramenta
1273 349 1588 409 cumulantur,

47 441 101 478 ut
122 428 379 495 principatu
402 427 577 476 certius
597 424 794 473 excidat.

118 591 199 632 22.
233 585 343 631 IPSE
368 583 517 647 impar
536 580 671 629 tantis
691 579 883 638 artibus,
916 581 1153 628 Caesarem
1172 578 1399 640 venerari,
1423 581 1591 631 Caium
1648 635 1653 640 Ι

49 664 300 726 spemere,³
335 677 440 724 spes
461 670 708 716 ostentare,
729 657 814 705 sibi
834 656 1003 706 invisos
1024 657 1323 722 opprimere}
1355 659 1590 728 clientium

50 751 159 788 vota
191 739 424 803 excipere,
457 736 604 786 multa
637 735 838 801 elargiri,
871 735 1006 799 plura
1026 735 1371 799 adpromittere,
1405 736 1523 786 luxu
1546 750 1592 786 et

49 808 146 866 otio
183 816 446 880 Principem
483 815 749 863 inumbrare
763 812 793 861 ι’
826 812 1058 861 laetissimo
1097 813 1304 873 Tiberio,
1350 815 1432 880 qui
1469 814 1592 864 male

49 906 219 943 tectam
241 905 463 953 mentem,
495 905 542 941 et
563 891 874 948 crescentibus
894 891 1165 951 honoribuS,
1190 891 1240 940 in
1260 893 1456 942 certiora
1476 892 1591 941 indi-

49 973 120 1029 cia
139 972 234 1021 cito
257 983 526 1036 erupturam
546 971 896 1034 introspexerat.

119 1136 199 1176 23.
234 1130 406 1177 INTER
451 1127 539 1175 hos
580 1125 782 1176 fortunae
821 1126 967 1184 lusus,
1000 1137 1047 1174 et
1083 1126 1327 1192 suspicacis
1368 1128 1593 1195 Principis

50 1204 378 1265 simulationes,
411 1205 616 1255 Velleius
635 1205 921 1265 Paterculus,
953 1204 1149 1269 scriptor
1164 1205 1384 1272 elegantis
1404 1207 1595 1274 ingenii,

0 1336 13 1344 b
51 1284 135 1332 sed
155 1283 400 1332 hominum
422 1284 566 1347 rudis,
584 1282 734 1334 laudis
755 1295 802 1331 et
822 1281 992 1331 favoris
1011 1282 1190 1343 avidus,
1211 1284 1413 1350 ingentia
1432 1287 1597 1351 populi

0 1385 2 1387 ·
55 1360 259 1409 Romani
279 1360 399 1415 facta
418 1361 547 1410 brevi
567 1360 724 1410 libello
746 1359 1096 1425 complectitur:
1130 1372 1292 1426 totque
1312 1363 1495 1423 seculis,
1525 1375 1595 1413 tot
1653 1416 1656 1417 γ

0 1471 3 1501 ᾗ
52 1437 252 1489 victoriis
273 1451 452 1503 partam
472 1437 651 1503 imperii
671 1439 971 1504 majestatem,
1001 1438 1051 1486 in
1072 1438 1263 1488 Tiberio
1291 1441 1599 1507 comprehen-

0 1524 5 1580 ζ
52 1532 170 1575 sam,
205 1515 233 1564 ὃ,
256 1519 422 1583 Sejano
452 1527 765 1576 sustentatam,
797 1515 1001 1564 exhibet.
1067 1516 1417 1578 Adulationem,
1449 1520 1524 1568 vel
1545 1519 1597 1568 in

0 1588 3 1589 ⁷
50 1594 321 1643 :volucribus
358 1595 511 1643 verbis
548 1592 786 1654 infamem,
818 1593 998 1658 scriptis
1035 1611 1145 1643 cum
1177 1612 1363 1645 summo
1395 1597 1597 1646 nominis

53 1671 125 1728 sui
162 1683 208 1720 et
246 1673 447 1723 historiae
491 1673 720 1723 dedecore
763 1688 1015 1738 perennem
1051 1671 1160 1722 fecit
1175 1690 1188 1722 :
1206 1675 1222 1702 ⁵
1253 1673 1350 1723 fato
1393 1674 1597 1740 odioque

0 1770 10 1799 μ
53 1750 293 1816 Sejaniano
329 1768 514 1817 semper
542 1753 841 1817 premendus,
873 1751 1161 1800 damnandus
1181 1768 1382 1817 semper,
1414 1752 1497 1802 sed
1531 1754 1598 1802 ob

53 1828 260 1876 curiosos
295 1829 487 1878 laudum
523 1829 734 1879 homines
756 1841 802 1879 et
823 1828 1083 1886 deformem
1103 1829 1382 1895 scriptorum
1403 1829 1596 1879 servitu·

0 1900 15 2003 ζ
55 1916 170 1965 tem,
202 1923 375 1970 paucos
408 1907 596 1973 ingenii,
628 1908 853 1973 plurimos
878 1908 1143 1958 adulatoriae
1165 1906 1383 1958 foeditatis
1401 1908 1623 1958 imitato-2

2 2007 5 2011 ·
57 1996 132 2032 res
152 1983 252 2048 pari
274 2001 385 2034 cum
405 1985 657 2050 opprobrio
677 2002 861 2051 semper
881 1985 1135 2035 habiturus.
1521 2001 1527 2006 ’

0 2027 7 2124 ε

74 2231 81 2235 ·
111 2211 124 2229 ¹
153 2212 303 2263 Con-ml,
331 2215 476 2266 collega
494 2215 685 2268 Principe.
728 2218 790 2255 De
915 2216 935 2238 ⁴*
962 2217 1043 2255 Sibi
1073 2217 1211 2256 invisos
1237 2217 1457 2268 opprimere.
1513 2214 1596 2254 Hos

58 2266 116 2305 his
146 2268 288 2309 Tiberii
319 2270 479 2317 artibus,
505 2270 790 2323 honoribusque
861 2272 957 2309 inter
972 2284 1172 2322 oppressus
1188 2271 1339 2308 videtur
1353 2271 1512 2309 Curtius
1525 2274 1597 2317 At-

58 2321 202 2372 sejani,
247 2323 330 2362 vide
368 2323 547 2373 Dionem,
590 2336 716 2364 Lvnl.
750 2338 790 2377 p.
860 2326 972 2368 ticus,
1002 2325 1048 2362 de
1064 2337 1144 2376 quo
1160 2325 1258 2362 infra
1276 2324 1419 2362 Annal.
1438 2335 1498 2363 vt.
1520 2329 1585 2362 10.

15 2403 18 2409 ‚
58 2371 154 2414 62³.
914 2378 928 2400 ⁵
957 2378 1160 2417 Perennem
1178 2378 1296 2431 fecit.
1361 2379 1478 2416 Foeda
1510 2377 1598 2416 haec

111 2425 131 2444 ²
149 2428 274 2476 Livia,
293 2430 473 2479 quondam
490 2437 640 2484 negata.
683 2432 791 2471 Olim
861 2433 1034 2471 adulatio
1052 2446 1090 2470 se
1108 2433 1246 2483 passim
1263 2438 1344 2469 toto
1361 2432 1494 2471 libello
1510 2445 1597 2482 pro-

10 2482 14 2487 '
59 2491 232 2533 negatam
259 2483 422 2522 vidimus
439 2499 555 2536 supra
574 2487 714 2525 Annal.
731 2499 790 2525 1v.
861 2487 931 2534 dit,
954 2499 999 2525 ac
1018 2486 1187 2525 maxime
1206 2487 1323 2524 Libro
1342 2499 1391 2524 11.
1409 2499 1497 2537 cap.
1518 2482 1597 2524 126

14 2555 17 2558 ⁴
58 2541 124 2574 40.
180 2538 316 2575 Postea
334 2539 565 2588 permissam,
588 2541 789 2578 AnnaLv.
860 2548 898 2578 et
930 2554 1008 2590 seq.
1039 2564 1041 2567 .
1067 2541 1127 2578 De
1163 2541 1302 2591 Sejano
1337 2540 1449 2591 longe
1485 2539 1605 2578 aliter·

58 2587 99 2628 6.
152 2590 254 2628 Vide
274 2605 428 2642 quoque
447 2593 588 2630 Annal.
608 2606 668 2632 vl.
690 2599 728 2632 8.
859 2595 1083 2645 scripturus,
1110 2594 1141 2632 si
1168 2596 1239 2632 sub
1272 2594 1385 2632 finem
1419 2595 1508 2632 anni
1541 2602 1602 2631 se-·

112 2639 128 2662 ³
151 2641 280 2682 Caium
296 2659 481 2696 spernere.
537 2648 622 2685 Nec
642 2648 792 2686 tantum
861 2650 1011 2698 quentis
1040 2649 1270 2700 scripsisset:
1299 2654 1383 2687 tum
1401 2648 1498 2686 forte
1517 2647 1598 2685 Va.-

58 2751 229 2799 manum,
255 2754 323 2802 qui
340 2754 374 2790 ei
393 2753 525 2792 dolum
542 2763 705 2805 pararet,
731 2756 796 2792 de-
864 2757 925 2794 De
963 2756 1120 2796 Valerio
1157 2757 1336 2796 Maximo
1373 2757 1459 2795 vide
1496 2754 1596 2796 infra

58 2803 186 2897 lviffege,
237 2814 283 2844 ut
326 2807 477 2846 dicetur
518 2808 619 2846 infra
654 2810 795 2848 Annal.
862 2822 948 2861 cap.
966 2814 1032 2856 39.

327 2940 446 2972 voL.
473 2940 543 2973 lv.
1287 2941 1320 2974 Ρ

56 2709 243 2747 spernere,
266 2700 331 2736 sed
347 2701 463 2737 etiam
482 2701 656 2739 Sextium
677 2703 795 2739 Paco-
861 2701 955 2740 lerio
968 2703 1146 2742 Maximo
1158 2701 1409 2742 convitiorum
1422 2702 1596 2740 feracior.
1675 2722 1678 2726 ·
