1768 3236
69 190 250 230 J.C.43.
501 180 647 221 LIBRI
677 178 822 219 NONI
854 176 1169 215 ANNALIUM.
1532 178 1612 224 399

69 295 234 342 orbem
249 300 478 338 terrarum
490 284 614 334 Urbi
635 281 936 348 spectandum
949 296 1209 345 proponere
1225 290 1323 328 erat
1335 281 1578 346 adgressus
1593 298 1607 329 ε

70 371 136 419 D.
158 372 402 434 Augustus
440 364 734 428 complexam
768 376 878 408 eum
916 358 1148 423 porticum
1164 359 1178 379 ¹
1214 374 1274 404 ex
1312 357 1610 407 destinatione

71 443 500 507 commentariisque
522 440 747 507 Agrippae
761 439 818 486 ab
838 435 1057 486 Octavia²
1078 436 1338 484 inchoatam
1354 449 1609 502 peregerat.

72 522 381 589 Magnificum
420 519 608 584 quidem
639 528 685 565 et
717 516 891 565 victore
913 514 1089 579 populo
1112 513 1307 579 dignum
1329 512 1416 562 fuit
1438 526 1611 579 specta-

77 601 252 649 culum.
320 598 550 646 Nondum
599 607 754 643 tamen
805 591 1104 659 Geographia
1156 591 1379 639 Romanis
1435 592 1612 656 scriptis

71 677 345 724 innotuerat.
402 675 455 722 Id
478 691 612 742 opus,
635 690 664 720 a
686 674 757 719 M.
776 671 934 719 Tullio
959 670 1200 719 Cicerone
1195 686 1330 733 saepe
1351 672 1611 729 tentatum‚³

73 770 255 817 semper
310 752 550 809 omissum,
605 749 802 817 privatis
836 749 1065 796 incertum
1111 763 1170 794 an
1224 745 1420 811 publicis
1473 748 1614 796 rebus

2 848 6 852 ’
74 831 245 889 utilius,
285 829 346 877 ita
367 826 602 876 adcuravit
639 814 940 891 Ponxffimus
953 825 1120 883 Mela,4
1152 834 1221 883 ut,
1257 823 1294 871 si
1316 841 1344 872 a
1382 823 1613 888 prioribus

71 906 369 971 scriptoribus
394 905 654 954 studiorum
667 899 937 968 antiquitate
958 902 1184 961 vincatur,
1201 917 1364 951 onmes
1385 900 1612 967 elegantia

75 984 248 1033 vicerit·

130 1146 143 1163 ¹
175 1145 405 1196 Complexam
465 1157 543 1183 eum
602 1144 802 1194 porticum.

76 1200 175 1238 Plin.
195 1205 317 1238 111.2.
348 1200 497 1249 Nempe
524 1198 716 1249 porticum
745 1210 805 1234 or-

74 1255 160 1292 bem
178 1261 362 1292 terrarum
383 1252 638 1304 complexam.
671 1251 806 1296 ,Porti-

74 1320 145 1346 cus
162 1307 232 1346 illa
250 1308 425 1346 Octaviae
447 1307 593 1344 theatro
625 1305 803 1343 Marcelli

74 1361 150 1399 fuit
184 1362 381 1411 adjuncta.
454 1361 615 1397 Manent
675 1358 803 1396 adhuc

74 1416 250 1465 quaedam
278 1416 360 1465 ejus
391 1415 530 1452 rudera
557 1414 596 1450 in
628 1411 805 1461 ecclesia,

74 1481 162 1519 quae
178 1469 395 1520 appellatur
417 1468 459 1506 S.
475 1467 641 1518 Angiolo
658 1468 697 1505 in
715 1466 807 1505 Pes-

74 1522 213 1560 cherin.
270 1523 332 1560 Ad
370 1523 475 1560 urbis
515 1522 645 1558 Romae
679 1520 805 1559 imita—

0 1592 3 1593 ’
74 1575 216 1613 tionem
255 1576 329 1614 fuit
378 1575 663 1626 Augustoduni,
698 1586 802 1611 nunc

75 1627 223 1677 Autan,
267 1629 398 1667 similis
442 1629 625 1680 porticus,
684 1641 803 1679 quam

75 1682 209 1731 laudat
241 1684 452 1721 Eumenius
483 1683 522 1720 in
540 1683 709 1720 oratione
729 1695 802 1732 pro

76 1736 347 1775 Restaurandis
395 1737 544 1783 scholis,
599 1749 684 1787 cap.
737 1740 803 1774 20.

78 1790 215 1829 Videat
229 1791 413 1842 proetered
439 1791 478 1827 in
505 1790 582 1828 illis
595 1789 803 1840 porticibus

60 1847 260 1895 juventus,
279 1850 316 1882 et
347 1844 510 1896 quotidie
522 1849 664 1895 spectet
682 1856 802 1880 omnes

74 1904 198 1936 terras
226 1904 263 1936 et
280 1904 414 1937 cuncta
431 1898 551 1958 maria
570 1903 606 1935 et
625 1896 804 1947 quidquid

74 2006 178 2052 tium,
197 2007 399 2052 nationum,
427 2010 493 2042 aut
524 2005 668 2055 pietate
694 2004 805 2042 resti-

75 2065 198 2104 tuunt,
230 2065 297 2098 aut
330 2061 472 2098 virtute
490 2058 702 2104 devincunt,
736 2063 803 2096 aut

73 2119 233 2150 terrore.
288 2113 476 2163 Siquidem
524 2112 617 2157 illic,
658 2118 703 2149 ut
727 2112 804 2162 ipse

70 2166 214 2212 vidisti,
244 2167 367 2214 credo,
383 2166 610 2204 instruenda:
630 2165 805 2215 pueritia:

74 2219 198 2267 causei,
217 2221 286 2271 qub
300 2219 533 2272 manifestius
549 2219 665 2257 oculis
689 2219 805 2257 disce-

74 2279 221 2320 rentur,
240 2286 319 2324 quoe
337 2273 523 2322 difficilius
543 2273 804 2324 percipiuntur

66 2328 218 2374 auditu,
236 2327 393 2365 omnium
411 2340 491 2366 cum
508 2327 711 2365 nominibus
727 2326 804 2364 suis

75 2382 238 2420 locorum
268 2381 376 2428 situs,
411 2382 548 2431 spatia,
598 2381 802 2419 intervalla

76 2435 266 2485 descripta
307 2439 408 2481 sunt,
453 2434 633 2485 quidquid
671 2434 804 2485 ubique

1 2496 5 2501 ‘
60 2488 262 2540 fluminum
288 2489 414 2526 oritur
430 2495 467 2526 et
498 2487 685 2534 conditur,
712 2487 804 2538 qut>-

76 2555 226 2592 cumque
240 2555 279 2581 se
314 2543 485 2580 littorum
514 2554 616 2580 sznus
618 2543 802 2592 flectunt

75 2608 146 2656 quo
163 2595 224 2634 vel
249 2586 390 2634 ambitu
419 2596 540 2647 cingit
581 2596 715 2642 orbem,
743 2596 814 2633 vel·

74 2649 212 2701 inipetu
226 2650 401 2701 irrumpit
417 2649 595 2689 Oceanus.
650 2651 804 2700 Augus-

874 1141 1091 1180 todunensis
1139 1138 1311 1190 porticus
1352 1141 1606 1192 fragmentum

876 1197 977 1242 vide,
1020 1195 1187 1234 Journal
1222 1197 1266 1233 de
1293 1194 1478 1241 Trevoux‚
1506 1209 1609 1234 anno

880 1248 995 1292 1706.
1015 1262 1140 1287 mense
1170 1249 1387 1294 Decembri,
1413 1262 1452 1299 p.
1473 1253 1553 1295 297
1570 1256 1610 1289 et

875 1317 952 1354 seq.
977 1303 1040 1341 Ad
1053 1304 1223 1341 eamdem
1237 1304 1497 1341 Romanorum
1508 1316 1613 1356 mag-

878 1358 1112 1395 nificentiam
1133 1358 1293 1407 pertinet
1318 1370 1529 1395 marmorea
1550 1373 1612 1396 ve-

883 1412 971 1449 teris
990 1412 1123 1449 Romae
1153 1411 1441 1463 ichnographia,
1459 1411 1551 1449 olim
1571 1413 1612 1450 in

879 1465 1022 1515 templo
1040 1465 1197 1503 Romuli
1239 1465 1288 1502 ad
1326 1466 1429 1503 viam
1463 1478 1612 1504 sacram

874 1519 1011 1571 posita,
1029 1520 1143 1569 cujus
1158 1519 1366 1570 fragmenta:
1383 1519 1423 1556 in
1448 1519 1606 1569 Capito-

875 1574 928 1611 lio
940 1585 1044 1610 nune
1058 1573 1245 1618 visuntur,
1273 1586 1438 1624 quaeque
1454 1573 1611 1612 exhibet

876 1628 939 1665 Cl.
969 1627 1150 1665 Piranesi.
1198 1627 1399 1666 Antichitcz
1432 1627 1610 1675 Romane,

876 1680 967 1719 Vol.
989 1693 1020 1718 1.
1037 1681 1180 1719 Tabul.
1196 1693 1251 1718 111
1271 1689 1310 1719 et
1326 1694 1403 1731 seq.

928 1732 946 1750 ²
963 1735 1029 1771 Ad
1048 1734 1220 1773 Octa-oid.
1276 1734 1445 1783 Augusti
1470 1747 1609 1774 sorore.

875 1789 976 1827 Vide
995 1788 1111 1826 Stem.
1130 1789 1226 1827 Caes.
1245 1802 1283 1826 n.
1315 1786 1378 1833 16.

928 1839 944 1862 ³
962 1841 1066 1891 Soepe
1085 1847 1282 1885 tentatum.
1309 1842 1412 1880 Vide
1429 1841 1608 1893 epistolas

876 1896 1071 1935 Ciceronis
1087 1896 1136 1933 ad
1156 1897 1348 1943 Atticum,
1372 1909 1421 1934 11.
1440 1900 1467 1933 4
1486 1904 1524 1935 et
1541 1894 1582 1934 6.

928 1948 949 1970 4
965 1950 1189 2000 Pomponius
1223 1949 1346 1987 Mela.
1400 1950 1611 2000 Elegantis-

873 2005 1014 2042 simum
1048 2016 1146 2054 opus
1180 2003 1333 2054 scripsit
1376 2004 1611 2054 Pomponius

876 2058 998 2103 Mela,
1031 2057 1124 2094 dum
1142 2058 1332 2096 Claudius
1369 2058 1609 2097 Britanniam

876 2112 1072 2157 vincebat;
1102 2118 1147 2149 ut
1175 2117 1336 2150 testatur
1353 2111 1455 2149 idem
1487 2112 1608 2159 Mela,

876 2164 983 2203 deSi
984 2170 1026 2203 tu
1061 2166 1175 2213 orbis,
1210 2177 1279 2204 111.
1307 2162 1347 2204 6.
1402 2165 1611 2205 Britannia
1644 2184 1648 2187 >

877 2220 998 2270 qualis
1032 2219 1096 2265 sit,
1148 2220 1343 2271 qualesque
1369 2226 1611 2271 progeneret,

876 2286 958 2311 mox
994 2273 1159 2311 certiora
1192 2278 1230 2311 et
1262 2273 1382 2324 magis
1414 2273 1610 2323 explorata

875 2327 1061 2365 dicentur.
1117 2326 1263 2377 Quippe
1280 2326 1422 2365 tamdiu
1445 2328 1610 2366 clausam

875 2380 998 2430 aperit
1011 2393 1092 2418 ecce
1106 2380 1324 2432 Principum
1337 2381 1528 2429 maximus,
1542 2396 1609 2420 nec

875 2433 1140 2472 indomitarum
1169 2434 1273 2472 ηιυάὸ
1292 2440 1380 2473 ante
1401 2448 1453 2482 se,
1479 2435 1610 2473 verum

876 2487 1090 2539 ignotarum
1115 2501 1255 2539 quoque
1278 2489 1448 2540 gentium
1475 2489 1610 2537 victor,

878 2541 942 2591 qui
970 2541 1214 2592 propriarum
1257 2555 1382 2581 rerum
1402 2543 1537 2593 fidem,
1563 2549 1609 2581 ut

876 2595 970 2632 bello
986 2595 1195 2645 qffectavit,
1210 2596 1268 2636 ita
1280 2596 1466 2650 triumpho
1483 2597 1605 2636 decla-

877 2653 1032 2689 raturus
1046 2655 1193 2702 portat.
