1768 3236
1340 122 1356 150 l

398 192 478 232 AD
506 190 699 231 VITAM·
716 189 807 228 CN.
831 186 949 228 JUL..
971 186 1282 252 AGRICOLAE.
1519 185 1601 239 607

64 331 66 333 .
123 292 185 339 Et
214 293 427 337 conservis.
485 291 590 336 MS.
610 290 745 334 Vatic.
765 297 893 340 3429.
922 291 1044 334 etiam
1075 289 1285 334 conservis.
1345 289 1432 333 Sed
1456 297 1494 334 et
1518 306 1599 348 pro

63 369 190 413 etiam
210 377 442 424 usurpatur.
512 371 515 374 ’

123 442 405 485 Trinobantes.
464 440 690 496 Perperam
726 439 768 482 in
804 439 1008 482 veteribus
1057 437 1315 490 editionibus,
1356 439 1597 496 Brigantes.

64 517 240 573 Optime
275 515 523 566 camdenus,
554 530 677 571 quem
699 514 896 556 Ernestus
920 513 1070 569 aliique
1089 521 1182 555 sunt
1201 512 1344 565 secuti,
1369 514 1597 558 emendavit

62 589 348 643 Trinobantes,
385 598 430 633 ut
463 597 576 645 patet
613 604 663 631 ex
704 587 854 631 Annal.
897 602 999 630 mv.
1033 593 1104 630 31.
1151 587 1314 642 Argute
1349 586 1482 639 nimis,
1521 589 1593 645 qui

61 663 290 722 Brigantes
308 665 540 716 defendunt,
573 662 683 720 quod
700 678 844 705 eorum
863 678 912 705 ac
931 660 1237 704 Trinobantum
1257 676 1336 703 una
1360 661 1587 719 eademque

57 737 112 780 sit
126 738 259 794 origo.
1557 780 1562 785 ,

116 812 179 855 Et
210 812 439 855 libertatem
458 812 604 854 nonin
630 807 851 868 praesentia
870 809 1141 853 taurin-non
1166 806 1590 868 ostendamus-..sepo-

56 885 218 928 suerit?
275 886 341 928 Ita
368 886 547 942 quidem,
580 884 730 927 sensim
757 884 842 926 sine
872 899 990 926 sensu
1020 881 1179 926 mutata
1207 891 1342 926 vetere
1371 884 1588 940 scriptura,

54 959 224 1002 editum.
282 960 344 1002 At
361 960 405 1002 in
424 959 528 1011 MS.
547 958 679 1001 Vatic.
696 963 826 1007 3429.
845 965 885 1001 et
909 958 954 1000 in
973 958 1207 1002 libertatem
1224 973 1307 1000 non
1325 959 1371 1001 in
1381 960 1584 1015 poeniten-

53 1033 170 1076 tiam.
228 1032 398 1076 Veteres
435 1033 645 1086 editiones,
683 1038 724 1075 et
761 1033 807 1079 in
846 1032 1078 1075 libertatem
1124 1047 1208 1075 non
1222 1086 1226 1090 β
1241 1033 1288 1074 in
1318 1020 1583 1090 praesentiam

52 1105 184 1149 latura·
190 1107 328 1167 primo
345 1107 485 1150 statim
505 1121 715 1164 congressu
734 1106 840 1149 unde
856 1106 1125 1159 ostendamus,
1141 1106 1335 1163 quossibi
1352 1104 1582 1153 Caledonia

47 1181 162 1224 viros
196 1181 430 1238 seposuerit.
490 1180 751 1224 Minucianus
788 1180 945 1236 primus
977 1180 1116 1232 edidit,
1149 1181 1196 1229 in
1225 1180 1470 1236 praesentia,-
1500 1181 1583 1241 3111

0 1255 2 1302 l
51 1253 198 1310 postea
222 1255 396 1298 omisere
415 1254 746 1310 praepositionem
765 1255 811 1296 in
829 1263 921 1297 ante
941 1253 1168 1297 libertatem
1179 1270 1198 1307 .·'
1228 1269 1276 1296 ac
1302 1247 1466 1307 demum
1487 1270 1584 1310 pro,

0 1337 2 1349 *
49 1327 160 1371 unde
177 1329 454 1372 ostendamus·
467 1329 720 1385 ·seposuerit,
752 1329 1010 1370 emendatum
1036 1327 1062 1369 a
1083 1326 1281 1379 Pichenst,
1298 1342 1382 1372 non
1402 1329 1586 1372 ostende.-

50 1415 153 1454 mus,
183 1405 236 1444 ab
267 1402 369 1455 aliis,
399 1419 481 1446 non
510 1401 1068 1459 ostendamus··seposuerit?
1127 1401 1240 1444 Mihi
1254 1391 1356 1453 [verb
1375 1409 1417 1444 et
1434 1402 1581 1448 veteris

50 1475 259 1531 seripturae
279 1476 458 1532 vestigia,
477 1485 517 1518 et
530 1492 679 1529 rerum,
693 1485 941 1518 narratarum
962 1475 1236 1518 Annal.'X1V.
1249 1480 1319 1518 33.
1340 1476 1580 1519 memoriam

47 1550 248 1606 repetenti
262 1550 480 1607 probabile
498 1551 655 1593 videtur
673 1550 867 1593 Tacitum
884 1549 1107 1606 scripsisse,
1123 1548 1218 1591 etin
1232 1548 1479 1602 libertatem,
1498 1565 1581 1593 non

51 1623 98 1666 in
119 1623 320 1681 pradum,
353 1626 565 1677 certaturi,
583 1624 722 1681 primo
752 1624 891 1667 statim
925 1638 1138 1680 congressu
1168 1621 1306 1665 vivida
1326 1622 1581 1680 ostendamus

43 1712 148 1756 quos
160 1698 238 1740 sibi
260 1696 489 1740 Caledonia
507 1698 614 1740 viros
633 1698 864 1753 seposuerit.
923 1696 1068 1739 Primb
1092 1695 1294 1751 scriptum
1314 1695 1414 1739 olim
1435 1695 1575 1751 fuisse,

48 1779 89 1815 et
106 1772 152 1814 in
171 1771 403 1814 libertatem
422 1771 590 1814 suadent
612 1770 748 1814 MSS.
769 1779 810 1812 et
838 1779 993 1812 veteres
1014 1769 1223 1811 editiones.
1284 1768 1463 1821 Deinde,
1491 1785 1577 1813 non

47 1844 96 1888 in
111 1845 294 1901 pradum
323 1845 456 1887 innuit
483 1854 570 1887 tum
601 1845 723 1887 series
742 1844 949 1896 orationis,
978 1853 1065 1886 tum
1089 1842 1268 1899 idquod
1287 1850 1420 1885 narrat
1438 1842 1576 1886 Tacit.

46 1918 200 1962 Annal.
224 1933 325 1960 xlv.
358 1925 427 1964 33.
469 1923 499 1946 “
519 1918 705 1970 Barbari,
728 1918 888 1960 omissis
913 1917 1089 1960 castellis
1120 1915 1399 1972 praesidiisque
1429 1916 1576 1959 milita-

46 1991 167 2045 rium,
201 1994 312 2049 quod
337 1993 584 2035 uberrimum
616 1992 819 2054 spolianti,
852 2000 894 2034 et
922 1990 1232 2034 defendentibus
1268 1990 1458 2042 intutum,
1490 1989 1574 2033 laeti

46 2066 203 2121 praedfi,
233 2074 275 2108 et
305 2065 476 2110 aliorum
496 2081 637 2120 segnes
658 2065 891 2121 petebant.’'
948 2063 1151 2108 Certaturi
1172 2072 1306 2106 autem
1327 2063 1373 2106 in
1403 2064 1574 2106 liberta-

45 2144 141 2191 tem,
159 2154 241 2181 non
260 2140 305 2182 in
318 2140 519 2196 praedam,
542 2139 688 2183 Latine
708 2139 866 2192 dicitur,
887 2147 931 2180 ut
950 2139 1062 2194 apud
1081 2139 1280 2182 Senecam
1306 2136 1349 2179 in
1368 2137 1572 2181 Thebaid.

45 2211 143 2256 Act.
161 2225 196 2255 1.
214 2229 318 2256 vers.
335 2220 435 2263 298.

509 2326 536 2345 “
557 2323 716 2362 Certant
735 2321 774 2360 in
793 2331 906 2360 omne
924 2318 1112 2359 facinus?

45 2438 239 2497 Denique
257 2440 368 2498 quod
385 2441 503 2484 nobis
524 2442 819 2483 emendandum
838 2439 1034 2491 videatur,
1045 2437 1181 2481 vivide
1199 2435 1503 2480 ostendamus·-·
1518 2459 1532 2473 ·
1547 2459 1561 2473 ·

40 2515 273 2570 seposuerit,
293 2515 391 2557 facit
410 2524 452 2557 et
471 2526 585 2557 vetus
605 2515 816 2570 scriptura,
834 2522 877 2556 et
896 2512 1115 2561 auctoritas
1133 2511 1279 2554 eruditi
1297 2510 1371 2553 viri
1391 2510 1420 2554 J
1424 2510 1568 2566 osephi

23 2587 257 2643 Scaligeri‚
289 2589 360 2645 qui
383 2588 440 2631 ita
469 2588 511 2630 in
545 2588 770 2644 exemplari
801 2603 878 2630 suo
908 2602 1030 2630 manu
1063 2585 1233 2642 propria
1267 2586 1567 2637 emendaverat,

0 2667 144 2717 teste
164 2660 399 2716 Rutgersio,
417 2667 444 2687 “
467 2661 683 2704 Lectiones
703 2660 960 2713 Venusinae?
980 2675 1071 2715 cap.
1091 2665 1162 2714 31.

101 2732 244 2791 Hujus
269 2744 402 2777 autem
420 2734 516 2788 loci,
535 2734 681 2777 misere
699 2733 1133 2790 corrupti,1innumerae
1153 2739 1246 2774 sunt
1265 2711 1567 2785 emendationes

41 2807 96 2848 ab
113 2806 200 2848 aliis
219 2808 452 2863 propositae,
471 2824 643 2865 quarum
663 2807 890 2863 praecipuas
908 2821 1159 2848 memorasse
1179 2805 1232 2847 sit
1249 2805 1356 2847 satis.
1417 2804 1566 2847 Mure-

19 2886 120 2938 vtus,
138 2887 178 2924 et
196 2881 242 2923 in
262 2881 507 2936 libertatem,
519 2897 608 2926 *non
627 2882 671 2925 in
693 2881 842 2939 populi
864 2873 1047 2925 Romani
1062 2880 1270 2923 servitium
1289 2877 1396 2920 nati.
1462 2876 1567 2935 Lip-

211 2968 312 2998 vol..
332 2969 396 2998 ιν.
1298 2957 1326 2993 2
1362 2966 1392 3005 Ω
1425 3010 1430 3013 .
