1768 3236
87 175 274 216 J.C.42.
524 172 673 212 unm
703 171 847 211 Nom
875 172 1197 214 ΑΝΝΑιιυΜ.
1551 178 1650 218 sss'

87 279 320 333 vindicem
341 292 440 326 esse
461 275 760 342 gloriabatur,
780 287 827 324 et
843 291 900 324 eo
921 276 1145 342 sanguine
1165 277 1396 343 gaudebat
1415 279 1637 344 populus.

88 361 260 410 Servos
294 355 410 421 ergo
447 354 744 419 libertosque,
777 352 901 402 falsis
921 351 970 401 in
992 353 1206 402 dominos
1227 354 1635 418 criminationibus,

86 435 279 486 Tiberio
326 431 534 498 Caioque
577 430 957 496 imperitantibus,
1007 429 1228 491 famosos,
1282 430 1392 481 feris
1434 435 1635 500 objecit.¹

90 513 183 563 Rei
204 510 428 579 quidem,
471 509 643 560 verum
686 508 783 558 aliis
817 525 1064 573 poenarum
1102 509 1349 575 generibus
1392 512 1636 573 multandi,

87 589 298 640 cecidere
332 600 427 636 tam
463 586 615 646 multi,
649 599 701 635 ut
724 586 927 652 Augusti
959 598 1173 646 statuam,
1206 586 1265 635 eb
1300 587 1390 635 loci
1424 589 1635 652 positam,

86 666 180 716 alio
211 665 448 715 transferri
464 664 685 731 jusserit,²
718 665 874 713 nevel
896 666 1047 713 caedes
1070 681 1253 729 semper
1268 664 1490 729 inspicere
1511 666 1635 715 vide-

88 756 236 804 retur,
269 744 343 792 vel
366 759 550 808 semper
573 743 718 791 velata
739 754 870 790 esset.
939 743 1081 790 Haud
1104 744 1401 791 erubescente
1422 741 1634 807 Principe

89 837 145 870 ω
183 823 347 888 jubere
381 832 427 869 et
465 832 689 885 spectare,
736 821 905 886 quibus
942 837 1111 870 aeream
1145 820 1348 888 Augusti
1386 819 1634 886 imaginem

90 900 327 963 interesse,
367 916 475 947 cum
497 900 707 963 puderet.

159 1062 239 1103 33.
271 1054 389 1102 ΤοΤ
441 1054 644 1102 caedibus
694 1052 944 1102 obduruit:
961 1055 975 1081 ³
1032 1069 1155 1118 saepe
1203 1070 1342 1102 ausus
1392 1052 1635 1116 imperare,

89 1132 403 1198 gladiatores,4
435 1148 487 1180 ac
511 1120 714 1179 maxime
739 1131 943 1180 retiarios
958 1134 972 1160 ⁵
989 1130 1212 1197 jugulari,
1233 1142 1286 1178 ut
1308 1130 1639 1194 exspirantium

88 1209 228 1257 facies
248 1209 439 1257 videret.
508 1210 630 1257 Mox
653 1207 681 1256 a
704 1207 971 1257 facinorosis
991 1208 1319 1273 vilioribusque
1336 1207 1558 1271 capitibus
1579 1207 1639 1255 ad

86 1287 279 1335 meliora
311 1287 629 1352 nobilioraque
661 1287 888 1352 impetum
926 1287 1064 1351 cepit,
1098 1284 1348 1335 Messalina
1388 1296 1433 1332 et
1464 1284 1636 1332 libertis
1673 1332 1677 1336 .

87 1364 367 1413 crudelitatis
412 1365 783 1426 instinctoribus3
842 1380 914 1424 ac,
964 1364 1002 1412 si
1049 1363 1162 1429 quid
1201 1362 1448 1420 haesitaret,
1505 1373 1634 1409 metu

86 1441 368 1490 imminentis
391 1443 581 1507 periculi
594 1437 613 1465 ⁶
642 1444 701 1491 ad
723 1443 961 1492 audaciam
982 1441 1338 1507 impellentibus.
1410 1441 1467 1488 C.
1492 1438 1640 1503 Appi-

85 1535 169 1568 um
190 1520 435 1580 Silanum,⁷
463 1520 697 1586 Hispaniae
719 1532 970 1580 rectorem,
1003 1519 1057 1568 iis
1077 1519 1251 1568 artibus
1272 1518 1635 1566 circumvenere.

143 1707 157 1726 ¹
178 1706 286 1748 Fer-is
303 1709 452 1761 olgjecit.
482 1709 573 1757 Dio,
591 1722 663 1749 Lx.
679 1725 716 1763 p.
729 1708 822 1756 673.

93 1758 170 1854 'bzi
188 1763 277 1801 Alio
294 1763 500 1816 transferri
504 1765 683 1817 jusserit.
731 1766 823 1821 Dio,

90 1828 103 1853 i
134 1829 143 1853 ι
177 1844 186 1853 .

135 1866 159 1904 ,³
187 1869 387 1908 Obdurm't.
444 1872 540 1909 Haec
580 1879 704 1910 tamen
743 1881 823 1910 tam

90 1923 282 1974 pudenda,
310 1932 387 1969 tarn
411 1925 598 1963 horrenda
624 1926 713 1963 cum
740 1940 825 1977 age-

89 1986 234 2024 rentur,
274 1977 418 2018 Seneca
449 1979 555 2026 exul,
590 1979 744 2017 Consol.
774 1980 823 2018 ad

90 2031 228 2086 Polyb.
249 2043 360 2071 xxvx
373 2041 410 2070 et
431 2045 585 2071 xxxvx.
604 2034 825 2085 appellabat

87 2082 301 2124 claudium
346 2085 565 2139 Principem
619 2088 826 2134 maximum,

86 2139 335 2187 mitissimum,
348 2142 505 2180 annium
524 2141 744 2192 Principum
760 2143 827 2180 mi·

89 2193 285 2233 tissimum.
340 2195 458 2242 Quod
486 2195 699 2235 calamitosi
725 2197 827 2248 inge-

86 2247 145 2286 nii
165 2248 423 2300 propudium!

895 1711 1098 1761 imaginem
1118 1710 1204 1747 vide
1223 1709 1327 1760 apud
1349 1707 1411 1746 Cl.
1430 1707 1541 1755 Gori,
1568 1706 1641 1746 Ῑη-

896 1762 1427 1867 ⁸⁰'0‘Pimfn315232'12-‘20232222131
1448 1765 1473 1806 ⁹
1475 1766 1546 1853 {a
1579 1827 1641 1853 00.

897 1879 978 1910 tera
995 1872 1151 1911 Claudii
1172 1871 1263 1908 vitia
1285 1870 1445 1908 accessit
1473 1869 1571 1907 illud
1602 1869 1639 1906 in

900 1926 1143 1977 Principibus
1163 1924 1393 1967 maximnm,
1422 1923 1526 1972 quod
1546 1922 1642 1960 nihil

896 1979 996 2031 aequ&
1015 1980 1124 2031 qusint
1144 1979 1294 2017 timidus
1308 1990 1352 2015 ac
1363 1976 1637 2028 (lillidensfuit.

899 2034 1057 2072 Sueton.
1093 2033 1133 2071 in
1169 2032 1312 2073 Claud.
1348 2043 1487 2068 xxxv.
1547 2030 1639 2067 Inde

897 2089 1001 2126 nulla
1029 2086 1119 2125 adeo
1150 2085 1325 2136 suspicio,
1354 2084 1477 2122 nullus
1506 2088 1641 2122 auctor

896 2148 974 2180 tam
993 2142 1084 2180 levis
1105 2140 1246 2185 extitit,
1274 2140 1298 2177 ὰ
1328 2150 1398 2188 quo
1416 2150 1488 2175 non
1507 2137 1643 2175 medio·

897 2196 954 2234 cri
984 2195 1160 2246 scrupulo
1187 2194 1330 2245 injecto
1359 2191 1410 2228 ad
1439 2192 1643 2245 cavendum

893 2246 1515 2299 ulciscendumquecompelleretur.
1549 2246 1644 2284 Sue·
1723 2290 1728 2291 ⁷

140 2298 164 2322 ⁴
189 2302 397 2354 Imperare,
432 2304 677 2354 gladiatores.
730 2305 828 2343 Sue*
894 2311 974 2342 ton.
1004 2304 1044 2342 in
1070 2302 1214 2342 Claud.
1235 2307 1416 2338 xxxvn.
1472 2299 1534 2338 lto,
1560 2299 1643 2337 ani-

92 2355 220 2394 tonius
251 2357 306 2395 ‘in
349 2357 490 2396 Claud.
523 2370 678 2396 xxxiv.
733 2360 826 2397 Alia
897 2364 1024 2396 matus
1062 2357 1243 2406 Princeps
1277 2360 1396 2393 totum
1429 2366 1473 2391 er
1503 2351 1642 2405 magud

92 2408 218 2448 multa
234 2408 274 2448 id
291 2423 408 2461 genus
425 2413 564 2463 probra
583 2412 725 2451 ibidem
739 2426 826 2451 nar-

91 2469 164 2509 rat,
193 2477 279 2514 quae
307 2465 603 2516 indignationem
636 2474 827 2505 moveant.

94 2515 205 2555 Nihil
223 2518 324 2555 enim
346 2520 560 2570 Principem
580 2522 698 2571 magis
716 2522 828 2559 dede-

90 2576 167 2618 cet,
198 2571 317 2623 quam
337 2573 560 2612 crudelitas.

146 2621 163 2646 ⁸
203 2625 410 2665 Retiarios.
475 2620 650 2676 Retiarii,
691 2627 826 2666 armati

70 2682 171 2718 ‘rete
188 2686 226 2718 et
245 2680 422 2730 tridente,
453 2693 544 2719 cum
575 2682 828 2728 secutoribus,
856 2692 858 2712 z

92 2746 161 2772 seu
178 2733 500 2786 myrmillonibus,
516 2737 751 2786 pugnabant.
787 2734 831 2773 In

14 2828 23 2837 ,
88 2791 138 2826 'eo
156 2788 281 2838 posita
298 2788 538 2827 retiariorum
565 2802 636 2832 ars,
668 2798 714 2828 ut
733 2802 834 2840 myr-

891 2418 1007 2462 parte
1040 2408 1309 2462 principetum,
1346 2420 1419 2446 non
1452 2412 1528 2444 tam
1561 2419 1640 2454 suo,

897 2466 1006 2517 qudm
1017 2478 1170 2512 uxorum
1182 2463 1469 2511 libertorumque
1480 2460 1641 2501 arbitrio

896 2518 1176 2559 administravit
1187 2532 1202 2557 :
1233 2516 1322 2554 talis
1339 2515 1468 2566 utique
1480 2515 1643 2564 plerum·

897 2587 979 2626 que,
1007 2573 1150 2624 qualem
1170 2583 1247 2610 esse
1265 2582 1345 2607 eum
1363 2574 1431 2607 aut
1450 2567 1641 2619 expediret

895 2628 987 2674 illis,
1003 2632 1071 2665 aut
1090 2626 1236 2670 liberet,
1260 2624 1418 2662 Sueton.
1438 2622 1478 2660 in
1498 2621 1641 2659 Claud.
1669 2670 1674 2677 Ι

899 2694 1007 2720 xxv.
1064 2679 1218 2726 Infelix,
1247 2677 1314 2728 qui
1331 2675 1479 2727 semper
1498 2675 1556 2712 vel
1575 2688 1642 2713 no-

897 2735 952 2772 vis
972 2733 1306 2777 terriculamentis,
1321 2730 1380 2769 vel
1398 2736 1641 2781 patratorum

897 2789 1084 2827 scelerum
1113 2783 1346 2826 conscientia
1369 2783 1649 2834 exagitaretur.

88 2840 295 2880 'millonum
327 2843 458 2894 capita
476 2850 552 2881 rete
571 2855 641 2880 suo
659 2843 836 2894 implica.
904 2842 995 2890 Dio,
1023 2854 1097 2880 Lx.
1114 2856 1153 2893 p.
1173 2838 1267 2884 674.

94 2902 191 2933 rent.
247 2896 340 2935 Post
370 2910 433 2934 eos
459 2898 759 2949 prosternebant,
797 2904 836 2934 et

93 2948 256 2998 tridente
314 2950 592 3002 perfodiebant.

953 2893 973 2918 ⁷
1001 2895 1044 2934 C.
1062 2895 1225 2946 Appium
1239 2891 1421 2932 Silanum.
1477 2888 1643 2928 Histori—

677 2949 838 2989 Retiarii
901 2963 963 2989 am
1010 2949 1145 3000 paucis
1178 2953 1309 2986 narrat
1355 2944 1562 2983 Suetonius
1599 2942 1640 2981 in
