1768 3236
0 206 14 256 .’
87 221 127 261 J.
145 223 192 261 c.
210 226 278 261 40.
512 220 656 259 unm
685 218 893 259 OCTAVI
920 218 1626 262 ANNAL1UM.V³11

71 321 250 374 Postea
283 323 500 374 audacior
537 290 738 374 emtores
774 323 1030 387 increpare,
1070 328 1105 351 ‘⁶
1139 339 1258 388 quos
1294 338 1392 372 non
1430 298 1626 389 puderet

83 406 115 429 “
148 403 470 467 locupletiores
491 419 606 462 esse,
640 419 784 467 quam
805 399 1081 466 Principem.
1085 401 1118 422 '⁹
1186 401 1406 450 Exinde
1392 418 1441 449 m
1462 416 1624 452 omnes

79 480 275 528 divitum
304 479 512 528 fortunas
547 480 760 538 inruere;
797 490 843 526 et
866 480 992 542 quod
1013 478 1063 525 in
1084 478 1267 526 miseria
1297 478 1515 526 ultimum
1536 491 1622 539 est,

12 584 18 589 -
78 575 166 622 per
186 557 448 606 inrisionem
473 557 665 606 saevire.¹
734 556 788 604 Id
810 555 998 620 publico
1015 572 1124 603 cum
1141 555 1270 603 luctu
1293 568 1497 620 expertae
1514 567 1622 604 sunt

81 635 269 694 Galliae,
303 635 418 683 cum
441 635 660 698 Princeps
698 633 934 698 quondam
957 633 1138 681 luderet
1159 632 1277 692 alea,
1311 650 1397 681 nec
1428 634 1623 696 pecunia

78 712 325 772 sufficeret,
359 713 558 772 secessit,
593 718 626 740 ‘⁶
652 711 993 775 Gallorumque
1016 727 1180 759 census
1202 712 1261 758 ad
1284 728 1332 759 se
1355 710 1542 770 adferri,
1576 723 1621 759 et

84 792 114 814 “
147 789 388 838 ditissimos
432 791 618 839 necari''
653 790 814 855 jussit:
851 807 966 837 mox
1009 791 1068 837 ad
1112 790 1365 837 collusores
1403 788 1621 837 exsultim

82 883 334 932 regressus,
371 873 403 895 “
427 870 562 927 vos,'’
597 866 763 931 inquit,
798 871 833 894 “
855 866 1051 914 denariis
1084 866 1260 930 aliquot
1298 866 1493 926 lusistis;
1530 882 1619 931 ego

84 947 114 968 “
146 944 293 992 sexies
316 945 479 993 millies
500 945 752 993 nummum
766 946 784 966 ²
806 960 911 992 sum
933 945 1186 992 lucratus.'’

147 1106 226 1146 34.
261 1099 375 1147 NEC
414 1117 575 1164 poenas
611 1099 761 1164 plebei
783 1099 945 1164 effugit
966 1099 1279 1169 Ptolemaeus,³
1314 1115 1455 1164 quem
1479 1098 1619 1147 Caius

81 1174 108 1224 ὲ
131 1192 278 1241 regno
300 1177 609 1236 arcessiverat,
642 1177 991 1240 honorificeque
1027 1188 1288 1241 exceperat,
1322 1187 1375 1224 ut
1399 1176 1621 1241 plurimo·

79 1269 187 1301 rum
209 1271 375 1319 regum
397 1256 616 1303 comitatu
651 1254 921 1319 superbiret.
990 1257 1057 1301 At
1091 1253 1259 1302 invidia
1279 1265 1382 1301 tum
1401 1253 1484 1312 illi,
1518 1264 1621 1301 tum
1683 1312 1685 1314 Ι

78 1331 397 1393 Mauretaniae,
431 1333 624 1381 exitium
660 1332 838 1380 adtulit.
906 1333 1144 1396 Ingressus
1182 1331 1305 1379 enim
1345 1331 1622 1395 spectacula,

77 1408 239 1455 oculos
263 1410 536 1471 adstantium
558 1409 743 1476 fulgore
765 1426 1012 1474 purpureae
1048 1409 1214 1457 abollae
1228 1411 1247 1437 ⁴
1284 1407 1405 1456 forte
1429 1423 1620 1456 conver-

75 1495 204 1533 terat.
275 1488 335 1534 Se
376 1504 523 1535 unum
567 1504 663 1535 non
706 1487 845 1552 aspici
888 1485 1127 1535 cohorruit
1164 1485 1397 1549 Princeps.
1467 1483 1620 1533 Vestis

76 1563 295 1627 splendor
315 1564 364 1612 in
386 1565 561 1614 crimen
597 1565 755 1630 capitis
771 1568 784 1594 ⁵
821 1564 973 1614 statim
1002 1563 1163 1613 cessit:
1198 1579 1284 1612 nec
1307 1563 1437 1629 regio
1458 1561 1619 1611 adfini·

882 1750 1073 1787 domatum
1094 1749 1170 1785 hoc
1188 1752 1308 1798 caput
1325 1746 1449 1784 aureis
1465 1757 1628 1796 gemme-

878 1804 954 1841 isve
972 1802 1200 1840 ornamentis
1218 1802 1292 1839 fuit
1308 1801 1472 1851 insigne:
1493 1798 1627 1836 oculos

879 1857 994 1895 habet
1025 1863 1217 1907 argenteos
1234 1868 1325 1894 cum
1345 1853 1502 1905 pupulis
1533 1852 1628 1902 hya·

121 1747 134 1765 ¹
166 1747 319 1786 Soevire.
348 1750 439 1788 Huc
467 1763 622 1801 quoque
652 1757 811 1801 spectat,

13 1845 17 1847 ,
65 1803 168 1853 quod
199 1810 381 1840 memorat
407 1804 622 1850 Suetonius,
648 1805 723 1842 loc.
743 1805 809 1842 cit.

65 1856 183 1894 Caius
196 1863 423 1906 compererat
437 1858 701 1907 provincialem
713 1858 813 1895 locu-

57 1909 196 1960 pletem
230 1910 387 1948 ducenta
406 1911 452 1948 H
467 1911 508 1957 S,
537 1912 654 1962 Angl.
679 1912 810 1950 1333l.

69 1967 150 2001 13⁸.
169 1964 232 2001 4d.
256 1963 466 2002 numerasse
494 1966 742 2012 vocatoribus,
769 1972 810 2003 ut

57 2030 131 2067 per
147 2017 349 2068 fallaciam
377 2018 542 2056 convivio
560 2019 813 2068 interponere-

11 2102 13 2105 .
63 2075 130 2108 tur
142 2086 155 2109 .·
175 2084 242 2108 nec
261 2071 401 2109 tulerat
419 2071 567 2109 moleste
586 2078 662 2110 tam
678 2086 810 2123 magno

65 2124 242 2162 oestimari
261 2124 430 2162 honorem
449 2138 554 2163 coenae
569 2139 656 2165 suoe.
706 2127 810 2164 Huic

58 2185 212 2229 postero
231 2178 291 2215 die
306 2179 450 2215 sedenti
459 2179 496 2216 in
510 2180 680 2217 auctione
696 2180 810 2226 misit,

64 2232 128 2281 qui
145 2231 266 2268 nescio
284 2231 373 2282 quid
385 2232 529 2282 frivoli
546 2233 713 2271 ducentis
730 2234 811 2270 mil-

65 2285 173 2330 libus,
201 2285 254 2333 (id
273 2293 342 2332 est,
368 2286 535 2324 ducentis
558 2287 717 2326 millibus
735 2301 810 2325 ses-

63 2336 231 2384 tertiam,
246 2345 289 2376 ut
299 2339 382 2388 jam
402 2339 600 2387 diximus‚)
615 2342 805 2379 traderet:

63 2392 274 2442 diceretque
285 2398 508 2430 eoenaturum
519 2394 618 2443 apud
629 2394 809 2433 Caesarem

63 2449 199 2483 vocatu
216 2446 344 2495 ipsivs.

21 2539 24 2542 ,
118 2496 137 2513 ²
155 2499 280 2537 sexies
298 2499 430 2537 millies
446 2498 642 2539 nummum.
691 2501 810 2552 Angl-

66 2555 104 2598 5,
106 2554 198 2598 000,
201 2553 308 2589 0001.
377 2553 467 2599 Dio,
509 2566 599 2591 ux.
637 2569 677 2605 p.
715 2552 808 2597 657.

61 2603 170 2654 ’Υμσῖς
189 2606 262 2658 mg)
281 2605 401 2651 alym
411 2602 575 2659 ὃςσιχμὲν
591 2605 808 2657 ἀγωνίζεσθε,

63 2673 127 2705 vyu
141 2655 198 2749 δὲ)
215 2661 256 2699 εἰς
257 2659 407 2765 'pervelm
431 2662 492 2698 καὶ
526 2660 809 2711 πεντακισχιλίας

62 2727 402 2804 ‘wiffsslzmgurz
450 2767 474 2805 J
480 2768 593 2806 ubae
577 2767 742 2818 Junioris
770 2775 808 2805 ct

0 2859 12 2866 ‚
65 2818 280 2870 Cleopatrae
307 2819 421 2864 filius,
446 2820 560 2859 Jubae
578 2821 731 2859 senioris
747 2834 811 2858 ne-

65 2885 147 2923 pos»,
175 2873 427 2911 Mauretaniae
459 2887 541 2923 rex,
578 2875 689 2914 vultu
726 2875 813 2926 pul-

65 2925 276 2964 cherrimo:
300 2927 381 2977 ejus
400 2936 520 2978 caput
536 2941 686 2967 aeneum
704 2935 812 2967 extat

70 2979 200 3017 Romae
233 2981 339 3030 apud
371 2981 657 3021 Carthusianos.
712 2982 812 3020 Dia-

879 1907 1081 1956 cinthinis3
1100 1910 1209 1947 labra
1225 1909 1350 1946 aureis
1370 1907 1531 1945 bracteis
1548 1919 1628 1943 ves·

879 1962 963 2002 tita.
1019 1966 1079 2002 De
1112 1963 1308 2002 Ptolemaei
1342 1961 1505 1998 nummis
1542 1960 1628 1998 vide

880 2019 941 2056 Cl.
970 2018 1146 2059 Pellerin.
1175 2016 1329 2054 Recueil
1357 2016 1401 2053 de
1425 2013 1626 2051 Medailles

880 2073 925 2109 de
943 2072 1047 2116 Rois,
1075 2084 1114 2121 p.
1133 2067 1197 2109 56.
1214 2077 1253 2107 et
1273 2068 1532 2114 flamininum,
1560 2067 1625 2105 Se-

880 2126 978 2170 lecta
999 2125 1134 2175 Opera,
1163 2138 1202 2175 p.
1221 2127 1310 2161 103.

931 2178 951 2200 ⁴
978 2180 1135 2217 Abollae.
1192 2178 1355 2222 Nonius,
1373 2187 1465 2213 xtv.
1483 2178 1522 2219 9.
1568 2175 1626 2212 A·

877 2233 987 2278 bolla,
1007 2233 1120 2270 vestis
1136 2231 1326 2269 militaris.
1357 2229 1522 2266 Videtur
1538 2229 1627 2266 Pto·

879 2287 1032 2324 lemaeus
1050 2300 1098 2323 ex
1120 2285 1236 2322 luxfis
1263 2282 1522 2322 instrumentis
1547 2282 1628 2333 glo-

880 2341 975 2377 riam
1013 2339 1241 2390 quaaeivisse
1305 2337 1492 2375 Citrinam
1525 2336 1627 2379 enim

878 2394 961 2443 ejus
979 2405 1158 2439 mensam,
1175 2392 1346 2430 omnium
1368 2385 1628 2440 magnitudine

879 2446 1151 2498 amplissimam
1183 2446 1318 2483 laudat
1334 2444 1494 2489 Plinius,
1522 2455 1626 2481 xnl.

886 2505 947 2538 15.
1007 2501 1066 2538 De
1083 2500 1157 2538 hoc
1185 2497 1302 2537 luxsss
1321 2510 1453 2548 genere
1477 2497 1628 2536 dicetur

882 2555 980 2591 infra
997 2554 1035 2590 in
1056 2553 1193 2605 Suppl.
1212 2552 1354 2591 Annal.
1370 2563 1434 2589 lx.
1452 2555 1518 2590 28.

936 2606 951 2628 ⁸
981 2608 1032 2645 In
1051 2608 1187 2646 crimen
1206 2606 1352 2656 capitis.
1411 2605 1503 2651 Dio,
1533 2615 1626 2643 mx.

882 2675 921 2712 p.
937 2658 1028 2706 659.
1076 2661 1279 2699 Suetonius
1298 2660 1337 2697 in
1357 2659 1466 2702 Caio,
1485 2669 1627 2696 xxxv

884 2715 1131 2760 Ptolemaeum,
1158 2714 1374 2752 arcessitum
1394 2712 1414 2748 ὲ
1434 2725 1562 2764 reg-no,
1590 2717 1629 2749 et

882 2773 1069 2818 exceptum
1105 2767 1317 2817 honorfice,
1362 2778 1435 2803 non
1470 2764 1547 2803 alid
1583 2765 1628 2802 de

880 2821 993 2860 camd
1011 2821 1159 2872 repente
1179 2820 1378 2870 percussit,
1405 2820 1514 2870 quam
1531 2817 1629 2868 quod
1691 2838 1738 2867 ss

881 2876 1009 2913 edente
1024 2888 1064 2912 se
1079 2888 1222 2921 munus,
1253 2874 1459 2924 ingressum
1485 2872 1629 2922 specte}
1684 2896 1694 2907 .

882 2929 979 2974 cula,
1022 2927 1248 2966 convertisse
1281 2927 1462 2964 hominum
1502 2938 1524 2963 o

867 2982 1030 3033 fulgore
1042 2994 1241 3033 purpureae
1254 2979 1384 3018 abollae
1395 2979 1545 3018 animad
