1800 3236
692 187 1011 228 GERMANIA.
1563 193 1621 237 >255

0 327 4 331 -
28 297 186 365 «μω
205 295 451 346 tmuium
470 305 519 344 et
538 291 744 343 subitum
774 276 1004 358 inciderit,
1025 288 1162 340 cereis
1195 289 1377 352 diebus,
1400 289 1520 347 mim
1539 305 1622 345 aut

67 376 314 426 inchoatur
334 375 478 432 luna,¹
501 383 582 421 aut
596 371 846 436 impletur:
869 386 980 420 nam
996 368 1186 435 agendis
1203 372 1342 419 rebus
1358 371 1449 420 hoc
1467 371 1621 437 auspi.

70 454 351 503 catissimum
384 451 565 499 initium
601 451 834 499 credunt?

901 450 952 498 N
953 467 1005 497 ec
1046 448 1229 497 dierum
1263 464 1531 510 numerum,
1568 461 1622 500 ut

60 547 174 591 nm,
202 533 285 580 sed
313 530 525 579 noctium
559 529 861 593 computant.³
930 526 1005 582 Sic
1030 526 1333 590 constituunt,
1366 527 1430 593 sic
1463 528 1621 577 condi-

67 620 183 658 cunt
198 626 213 658 τ
228 611 248 638 ⁴
279 625 379 673 nox
400 608 573 656 ducere
595 606 718 655 diem
740 605 937 654 videtur.
988 604 1112 653 Illud
1130 622 1191 653 ex
1209 604 1416 660 libertate
1437 605 1619 667 vitium,

0 726 8 738 .
68 686 202 752 quod
227 703 331 734 non
366 685 522 744 simul,
557 700 643 733 nec
668 695 720 732 ut
750 683 864 749 jussi
887 682 1188 742 conveniunt,
1223 684 1305 732 sed
1332 694 1378 731 et
1406 682 1539 743 alter,
1573 695 1621 732 et

66 764 228 813 tertius
262 764 360 813 dies
398 762 688 812 cunctatione
722 760 990 810 coeuntium
1025 760 1296 809 absumitur.

7 898 10 899 ⁷
63 841 272 907 placuit,⁵
327 841 574 891 considunt
623 835 820 888 annati.⁶

1369 762 1438 810 Ut
1463 763 1619 813 ‚turbae

912 838 1155 888 Silentium
1212 856 1296 904 per
1340 839 1620 899 sacerdotes,

66 919 235 984 quibus
258 930 360 968 tum
381 931 428 968 et
449 918 695 968 coercendi
715 920 792 984 jus
826 930 911 978 est,
933 917 1200 982 imperatur.
1213 921 1225 928 ‘
1271 919 1394 971 Mox
1415 934 1521 976 rex,
1542 917 1618 966 vel

65 997 297 1063 princeps,
329 1009 470 1063 prout
506 1009 616 1046 aetas
648 998 834 1062 cuique,
868 1007 1009 1061 prout
1045 996 1274 1054 nobilitas,
1311 1007 1450 1060 prout
1474 995 1618 1045 decus

64 1075 318 1135 bellorum,
373 1086 514 1140 prout
575 1074 790 1123 facundia
844 1078 947 1133 est,⁷
1011 1068 1283 1132 audiuntur,
1346 1072 1615 1121 auctoritate

64 1153 288 1202 suadendi
334 1153 498 1219 magis,
544 1152 688 1218 quim
727 1153 922 1219 jubendi
965 1163 1203 1218 potestate.

63 1357 233 1395 manicis
251 1358 292 1395 in
317 1357 433 1408 sylvis
461 1357 577 1395 fuisse
604 1364 796 1409 repertum

63 1411 247 1450 miratur:
277 1418 316 1450 et
345 1411 488 1462 Anglos
515 1413 603 1450 inde
629 1412 797 1451 hausisse

63 1466 264 1515 politicam
284 1466 434 1517 imperii
463 1468 522 1505 sui
550 1467 708 1504 formam
729 1468 796 1504 do-

62 1526 136 1558 cet.
194 1520 307 1558 Illam
343 1519 367 1558 ὲ
401 1521 540 1558 Tacito
582 1534 796 1572 expressam

63 1573 340 1624 laudatamque
364 1575 448 1624 jam
482 1575 653 1613 vidimus
681 1588 797 1627 supra

63 1628 204 1666 Annal.
224 1641 283 1666 1v.
299 1633 365 1668 33.

115 1736 129 1754 ¹
159 1737 370 1776 Inchoatur
385 1738 485 1775 luna.
505 1737 567 1775 De
585 1736 682 1774 nova
701 1736 795 1775 lund

61 1791 148 1829 vide
169 1791 320 1830 Julium
341 1792 543 1839 Caesarem,
567 1791 666 1830 Bell.
686 1791 793 1830 Gall.

60 1857 93 1884 1.
111 1848 178 1884 50.
205 1845 407 1884 laudatum
427 1859 543 1897 supra
557 1859 644 1896 cap.
665 1850 702 1884 8.

114 1896 134 1915 ²
179 1899 376 1941 Credunty
404 1900 515 1938 Adeo
551 1900 711 1950 antiqua
757 1911 795 1938 et

59 1954 167 2004 apud
202 1966 331 1992 omnes
372 1955 536 2006 populos
570 1954 795 2005 pervulgata

60 2007 205 2046 lunaris
224 2009 419 2060 potestatis
441 2009 556 2055 fama,
584 2020 671 2059 quae
689 2021 735 2046 ne
754 2009 794 2046 in

59 2061 135 2101 hac
152 2062 308 2113 quidem
324 2063 521 2101 literarum
539 2063 628 2100 luce
642 2063 794 2113 penitus

50 2129 108 2154 -ex
139 2139 142 2142 ·
164 2117 363 2155 hominum
421 2117 558 2155 animis
604 2117 791 2156 exolevit!

61 2169 194 2215 Quam
227 2171 367 2218 insanae
397 2172 493 2209 vires
518 2171 621 2209 lunae
650 2171 792 2221 tribueae

56 2225 308 2270 rentunvide
323 2225 427 2275 apud
448 2225 630 2270 Plinium,
646 2237 696 2263 11.
711 2230 778 2270 99.

18 2278 20 2284 '
105 2274 128 2304 ·³
157 2279 339 2318 Noctium
358 2284 586 2330 computant.
611 2280 699 2317 Hoc
719 2281 793 2330 pri-

58 2343 188 2370 maevae
215 2333 456 2384 antiquitatis
486 2340 792 2373 monumentum.

61 2384 147 2424 Nec
163 2385 188 2424 ὲ
206 2386 356 2435 diebus,
367 2389 432 2426 sed
450 2386 474 2424 ὲ
492 2388 671 2425 noctibus
690 2401 794 2440 coep-

59 2445 100 2477 ta
114 2442 456 2491 tempora5Genes.
475 2453 505 2479 1.
529 2445 568 2480 5.
607 2442 729 2488 Galli,
748 2454 793 2480 ut

57 2494 174 2544 ceteri
201 2495 365 2541 barbari,
394 2496 433 2534 id
459 2496 585 2542 obliti,
611 2509 650 2534 se
669 2510 791 2534 omnes

58 2547 83 2585 ὰ
100 2548 196 2586 Dite
209 2554 322 2599 patre
341 2555 552 2602 prognatos
566 2550 790 2601 pra-dicant,

55 2600 166 2652 idque
179 2603 204 2640 ὰ
219 2598 432 2641 Druidibus
442 2604 632 2654 proditum
646 2604 789 2642 dicunt.

57 2655 114 2693 Ob
130 2668 209 2694 cam
229 2670 375 2695 causam
403 2657 529 2707 spatia
556 2658 673 2696 omnis
700 2663 791 2696 tem-

50 2710 158 2760 poris
175 2723 250 2748 non
268 2723 418 2749 numero
437 2711 592 2755 dierum,
621 2712 686 2750 sed
703 2725 790 2749 noc-

55 2763 148 2802 tium
169 2765 332 2814 finiant,
370 2771 408 2803 et
443 2765 521 2803 dies
555 2766 714 2809 natales,
750 2773 788 2804 et

54 2818 285 2856 mensiumoet
304 2831 485 2857 annorum
511 2819 622 2857 initia
647 2820 703 2858 sic
725 2820 790 2857 ab·

55 2877 222 2916 servant,
253 2878 296 2910 ut
323 2878 467 2911 noctem
489 2873 568 2911 dies
592 2874 790 2924 subsequa-

56 2930 134 2970 tur,
150 2924 232 2964 Jul.
248 2927 388 2971 Caesar,
404 2926 503 2964 Bell.
522 2927 629 2966 Gall.
645 2940 704 2964 vl.
725 2931 786 2965 18.

106 2976 127 2999 ⁴
154 2978 217 3018 Sic
235 2980 455 3028 condicunt.
501 2981 603 3018 Cum
622 2989 787 3030 tempus,

1291 1151 1339 1199 Si
1384 1150 1616 1216 displicuit

877 1371 955 1408 quo
977 1356 1072 1408 quid
1100 1355 1318 1394 faciendum
1348 1355 1612 1401 constituunt;

877 1411 1012 1462 quoin
1034 1412 1102 1462 jus
1123 1410 1349 1448 veniendum
1373 1410 1612 1456 condicunt;

876 1479 952 1503 non
971 1474 1028 1504 tot
1047 1466 1140 1510 dies,
1155 1465 1219 1503 sed
1238 1472 1295 1502 tot
1312 1471 1455 1509 noctes,
1471 1464 1611 1503 consti-

876 1528 993 1558 tuunt
1017 1520 1290 1558 condicuntve.
1347 1517 1480 1556 Sic.in
1513 1518 1611 1569 Lege

876 1572 1022 1619 Sulicss,
1058 1573 1136 1611 Tit.
1169 1584 1330 1610 vaux.
1358 1572 1458 1610 inter
1489 1573 1611 1611 decem

874 1635 1012 1668 noctes.
1068 1627 1214 1678 Tin-1„
1243 1627 1281 1664 in
1313 1631 1438 1664 noctes
1470 1638 1541 1664 311..
1571 1634 1610 1664 et

872 1682 965 1720 alibi
995 1681 1132 1733 passim
1152 1686 1277 1719 noctes
1303 1693 1374 1730 pro
1392 1680 1471 1718 dics
1501 1693 1611 1719 usur-

872 1745 1029 1787 pantur.

925 1789 939 1810 ⁵
973 1791 1027 1829 Ut
1058 1792 1178 1829 turboe
1200 1788 1360 1841 placuit,
1390 1787 1548 1834 Melius,
1566 1794 1608 1826 ut

872 1845 983 1883 turba
997 1845 1159 1896 placuit.
1217 1844 1261 1882 Id
1279 1851 1349 1887 est,
1366 1843 1457 1881 satis
1475 1855 1611 1880 nume.-

870 1912 952 1937 rosa
974 1901 1053 1937 visa
1069 1907 1137 1937 est.
1183 1899 1284 1935 Vide
1303 1905 1382 1934 not.
1401 1905 1436 1934 et
1458 1896 1622 1948 emend3

869 1954 918 1991 ad
938 1966 1024 2006 cap.
1046 1959 1062 1991 1
1075 1960 1109 1992 l.

924 2002 942 2025 ⁶
970 2008 1177 2047 Considunt
1204 2006 1357 2044 armati.
1398 2004 1609 2054 Medioque

868 2062 908 2099 in
937 2074 1090 2114 campo.
1149 2061 1300 2100 Horum
1329 2059 1458 2097 adhuc
1479 2058 1610 2096 conci-

868 2115 1008 2154 liorum
1044 2122 1197 2155 manent
1231 2115 1387 2165 vestigia
1415 2112 1609 2150 immensis

869 2170 1063 2221 lapidibus
1107 2170 1331 2219 conspicua.
1404 2167 1507 2208 Vide
1544 2166 1607 2204 Cl.

871 2224 1025 2269 Manet,
1057 2223 1324 2263 Introduction
1350 2223 1373 2261 ὰ
1401 2220 1609 2263 l’Histoire

869 2279 913 2316 de
932 2278 1186 2327 Danemurck,
1203 2291 1240 2328 p·
1262 2282 1336 2316 102
1352 2283 1390 2313 et
1402 2289 1481 2326 seq.
1512 2275 1605 2314 Iluc

867 2345 1024 2383 quoque
1058 2333 1295 2370 referendum
1334 2330 1486 2368 videtur
1523 2329 1608 2367 Bri-

868 2388 1065 2425 tannicum
1089 2386 1335 2437 Stonehenge‚
1357 2385 1441 2434 jam
1462 2396 1606 2422 memo-

868 2449 1008 2485 ratum,
1021 2444 1123 2479 Ann.
1140 2453 1330 2491 xxv.cap.
1341 2442 1408 2483 37.
1426 2445 1504 2476 not.
1517 2451 1607 2490 sup.

921 2492 937 2516 ⁷
966 2495 1160 2534 Facundia
1178 2501 1246 2533 est.
1269 2495 1415 2544 Magna
1426 2499 1484 2530 est
1498 2492 1606 2543 apud

868 2550 1047 2588 barbaros
1065 2548 1292 2600 eloquenliae
1317 2549 1387 2586 vis.
1445 2547 1539 2585 lnde
1558 2547 1605 2584 de

866 2604 1154 2642 Canadensibus
1170 2602 1324 2654 populis
1341 2602 1384 2640 P.
1395 2600 1608 2647 Creuxius,

867 2658 1047 2696 Historia
1074 2657 1317 2697 cumaclensis.
1343 2669 1383 2706 p.
1412 2653 1480 2700 69.
1498 2653 1606 2698 'Qui-

864 2713 931 2750 bus
939 2718 994 2750 ast
1005 2713 1153 2751 dicendi
1166 2712 1220 2749 vis
1231 2712 1255 2749 ὰ
1270 2708 1410 2749 natura
1418 2722 1603 2756 concessa,

864 2766 1106 2804 dominantur
1143 2765 1330 2809 nimirum,
1365 2769 1604 2814 praesuntque

864 2820 1014 2867 ceteris,
1038 2821 1222 2871 pluribus,
1242 2818 1541 2869 paucioribusve,
1560 2822 1603 2854 ut

865 2877 1043 2925 cujusque
1079 2877 1202 2925 major
1234 2873 1402 2912 minorve
1433 2877 1492 2910 est
1528 2871 1606 2909 clo·

865 2929 1031 2978 quentia.
