1768 3236
382 199 462 239 AD
489 196 671 238 VITAM
698 196 790 237 CN.
817 194 930 236 JUL.
957 196 1270 236 AGRICOLAE.
1518 195 1607 236 615

130 300 264 346 Nobis
280 299 390 345 nihil
406 301 614 358 comperti.
673 293 791 343 Bene
812 300 1033 343 Rhenanus
1051 307 1094 341 et
1113 298 1392 351 recentiores.·
1431 297 1603 340 Veteres

67 378 282 428 editiones,
311 376 437 420 vobis.
495 374 708 419 Acidalius
729 375 832 416 inter
851 374 1045 430 comperti
1077 381 1118 415 et
1152 372 1358 428 affirmare
1382 372 1603 428 supplebat

69 452 194 511 qnod.
250 449 467 506 Comperti
498 449 630 502 nobis,
659 448 687 490 i.
708 464 744 490 e.
782 449 895 505 quod
924 447 1044 490 nobis
1073 455 1330 502 compertum
1351 446 1415 488 sit.
1474 445 1604 492 Misc.

70 527 180 571 Obs.
211 541 282 568 ix.
311 531 410 572 871.

130 600 201 644 Ex
218 615 330 642 more
344 597 617 656 principatus.
676 595 890 639 Acidalius
910 604 951 637 et
971 595 1164 638 Muretus
1177 594 1372 645 scribunt,
1386 594 1602 650 principis.

71 676 133 719 At
149 674 323 717 Tacitus
341 689 423 715 non
443 672 556 729 loqui
576 673 627 713 de
648 686 731 713 uno
765 670 950 726 principe
979 679 1049 712 aut
1070 668 1310 714 Domitiano
1330 668 1502 720 videtur,
1531 669 1604 710 sed

72 750 126 792 de
143 748 347 791 omnibns.
404 747 510 788 Vide
533 746 661 788 Misc.
682 745 788 787 Obs.
807 758 877 785 lx,
909 749 1007 791 372.
1628 729 1633 734 ’

131 821 349 864 Momenta
383 820 614 878 deficientis.
673 819 738 861 lta
769 817 862 861 libri
902 833 1044 859 omnes
1078 816 1190 859 editi.
1247 816 1299 858 In
1331 815 1436 859 MS.
1467 816 1605 858 Vatic.

76 902 205 945 3429.
235 902 437 938 momenta
456 895 559 950 ipsa.

130 969 341 1013 Nuntiata
365 968 592 1011 constabat.
650 967 701 1009 In
733 966 934 1009 veteribus
963 964 1209 1007 editionibus
1229 971 1321 1007 ante
1341 963 1601 1018 Rhenanam,

71 1043 329 1088 constabant.

134 1117 291 1161 Animo
316 1116 534 1175 vultuque
573 1131 662 1172 prce
710 1129 751 1157 se
790 1113 902 1158 tulit.
963 1112 1150 1169 Dejectis
1187 1106 1422 1169 severisque
1457 1111 1605 1166 oculis,

77 1191 240 1246 vultfis3
270 1191 430 1249 ἀπαθείᾳ
447 1200 489 1233 et
507 1189 737 1241 solitudine,
768 1187 893 1230 animi
925 1186 1044 1230 dolor
1067 1186 1250 1242 fingitur.
1309 1186 1416 1228 Vere
1434 1187 1532 1242 ergo
1554 1188 1606 1228 de
1629 1195 1633 1198 '

79 1265 323 1310 Domitiano
342 1266 511 1317 dictum,
539 1263 704 1320 speciem
733 1262 884 1305 doloris
916 1262 1054 1304 animo
1092 1260 1289 1318 vultuque
1305 1275 1391 1316 prat
1422 1274 1463 1303 se
1495 1260 1608 1303 tulit.

80 1339 251 1383 Frustra
281 1347 418 1381 autem
449 1347 577 1380 tentat
595 1336 824 1389 Acidalius,
853 1335 1006 1378 doloris
1031 1335 1194 1377 omnino
1222 1335 1364 1378 vultu:
1394 1334 1608 1377 Freinshe-

79 1402 202 1467 mius,
232 1412 383 1456 doloris
410 1413 563 1455 amictu
579 1410 800 1468 vultuque:
846 1409 1099 1460 Gronovius,
1129 1407 1281 1451 doloris
1307 1408 1429 1450 mimo
1461 1408 1606 1451 vultu:

83 1486 296 1539 Emestus,
339 1486 492 1530 doloris
538 1485 688 1528 habitu
732 1484 940 1542 vultuque.
999 1482 1167 1526 Horum
1198 1483 1389 1539 vquaedam
1417 1483 1608 1535 absurda,

81 1561 222 1604 omnia
231 1561 384 1604 Tacito
402 1560 579 1616 indigna.
600 1557 852 1615 Simpliciter
870 1566 912 1600 et
927 1556 1031 1599 bene
1046 1556 1163 1599 vertit
1181 1554 1419 1609 Davanzati,
1438 1560 1467 1580 “
1482 1544 1611 1612 pat-ue

82 1635 328 1679 nondimeno
348 1635 390 1678 di
410 1634 524 1677 volto
543 1649 566 1676 e
585 1633 763 1676 d’animo
783 1631 1066 1675 addolorato.'’

143 1781 263 1824 CAP.
285 1786 356 1825 44.
389 1780 573 1823 Tertiam
604 1778 777 1822 cons-ule.
836 1777 953 1820 Bene
983 1775 1171 1828 Ursinus,
1203 1775 1369 1832 Lipsius
1398 1782 1440 1828 et
1471 1789 1614 1817 recen-

87 1855 225 1899 tiores.
283 1855 556 1898 Inrveteribus
575 1853 832 1904 editionibus,
863 1859 924 1894 ter
942 1850 1116 1893 consule.
1321 1850 1324 1853 ’

149 1929 276 1973 Nihil
290 1928 419 1972 mettis
452 1930 496 1971 in
527 1927 658 1972 vultu.
717 1926 783 1969 Ita
811 1925 904 1968 libri
933 1940 1073 1967 omnes
1106 1923 1215 1967 editi.
1273 1923 1324 1965 In
1354 1922 1458 1966 MS.
1476 1921 1613 1964 Vatic.

89 2009 217 2053 3429.
246 2003 352 2046 nihil
370 2002 542 2059 impetzis
574 2002 619 2045 in
647 2001 778 2044 vultu.
813 1998 1021 2055 1Margini
1055 1998 1321 2053 adscriptum,
1351 1996 1460 2039 alius
1490 1997 1615 2038 habet

43 2083 55 2100 ⁸
88 2077 230 2121 mettis.
287 2077 393 2120 MS.
412 2077 548 2119 Vatic.
567 2082 695 2124 4498.
724 2074 832 2117 nihil
846 2073 976 2116 mettis
993 2081 1032 2116 et
1051 2073 1221 2129 impeta-3
1237 2072 1283 2114 in
1302 2071 1432 2114 vulta.

151 2152 345 2209 Speciosae
366 2153 636 2210 contigerant.
695 2150 811 2192 Bene
841 2147 936 2190 libri
955 2163 1097 2189 omnes
1116 2145 1227 2188 editi.
1284 2145 1416 2202 quue
1436 2144 1617 2200 postulat

86 2213 182 2283 'ipsa
201 2241 335 2269 rerum
369 2226 504 2268 series.
564 2223 683 2266 Male
719 2222 857 2266 MSS.
888 2221 1026 2264 Vatic.
1056 2226 1170 2268 3429
1199 2227 1242 2261 et
1275 2224 1406 2266 4498.
1435 2219 1616 2274 speciosa.

92 2316 175 2344 non
193 2300 463 2358 contigerant.
522 2298 583 2341 At
601 2298 644 2340 in
660 2296 840 2353 margine
860 2296 964 2338 MS.
984 2284 1118 2337 Vatis.
1138 2299 1265 2341 3429.
1285 2292 1480 2345 additum,
1509 2292 1618 2335 alius

91 2374 216 2417 habet
233 2374 413 2431 speciosae
434 2374 701 2430 contigerant.

154 2446 268 2491 Nam
286 2448 406 2490 sicuti
423 2446 576 2489 durare
594 2446 639 2488 in
659 2444 733 2488 laic
761 2442 984 2487 beatissimi
1012 2442 1136 2486 seculi
1172 2441 1274 2484 luce.
1330 2439 1500 2483 Ursinus
1531 2439 1619 2482 lau-

93 2523 219 2563 dabat
239 2521 262 2563 ὲ
282 2521 407 2564 veteri
426 2520 585 2573 codice,
613 2535 710 2562 nam
742 2519 864 2561 sicuti
894 2532 1052 2575 magna:
1073 2515 1279 2574 cujusdam
1285 2514 1512 2572 felicitatis
1529 2529 1621 2568 esse,

95 2595 248 2638 durare
266 2594 311 2636 in
345 2593 422 2638 Ιιᾶε
441 2593 665 2636 beatissimi
698 2592 821 2635 seculi
851 2591 952 2634 luce.
1012 2590 1096 2632 Sed
1128 2589 1281 2632 incerta
1313 2589 1434 2645 hujus
1468 2587 1622 2631 codicis

98 2669 214 2719 fides,
242 2667 420 2710 maxime
442 2667 650 2709 silentibus
672 2665 808 2708 MSS.
827 2664 965 2707 Vatic.
1010 2663 1167 2706 Melius
1187 2662 1396 2705 Acidalius
1420 2671 1463 2704 et
1483 2661 1622 2704 Buch-

95 2758 218 2786 nerus
236 2743 516 2794 emendabant,
547 2738 698 2783 durare
716 2741 762 2782 in
781 2740 886 2782 banc
907 2738 1128 2782 beatissimi
1148 2736 1272 2780 seculi
1286 2736 1429 2779 lu'cem.

162 2815 285 2861 Quod
303 2816 494 2874 augurio.
554 2815 670 2870 Bene
703 2813 807 2856 MS.
827 2813 962 2856 Vatic.
995 2819 1122 2861 3429.
1152 2820 1193 2853 et
1222 2820 1376 2853 veteres
1409 2826 1458 2852 ac
1487 2823 1626 2852 recen·-

100 2889 226 2933 tiores
263 2888 476 2934 editiones.
534 2887 755 2932 Rhenanus
801 2886 912 2946 quod
959 2899 1175 2943 perperam
1221 2883 1425 2928 omiserat.
1484 2882 1627 2926 Potuit
