<?xml version="1.0" encoding="UTF-8"?>
<!DOCTYPE html PUBLIC "-//W3C//DTD XHTML 1.0 Transitional//EN"
    "http://www.w3.org/TR/xhtml1/DTD/xhtml1-transitional.dtd">
<html xmlns="http://www.w3.org/1999/xhtml" xml:lang="en" lang="en">
 <head>
  <title>
</title>
<meta http-equiv="Content-Type" content="text/html;charset=utf-8" />
  <meta name='ocr-system' content='tesseract 3.04.00' />
  <meta name='ocr-capabilities' content='ocr_page ocr_carea ocr_par ocr_line ocrx_word'/>
</head>
<body>
  <div class='ocr_page' id='page_1' title='image "./operarecognovite04taciuoft/operarecognovite04taciuoft_0639.png"; bbox 0 0 1768 3236; ppageno 0'>
   <div class='ocr_carea' id='block_1_1' title="bbox 387 197 1609 246">
    <p class='ocr_par' dir='ltr' id='par_1_1' title="bbox 387 197 1609 246">
     <span class='ocr_line' id='line_1_1' title="bbox 387 197 1609 246; baseline -0.002 -6"><span class='ocrx_word' id='word_1_1' title='bbox 387 201 465 240; x_wconf 83' lang='lat' dir='ltr'><strong>AD</strong></span> <span class='ocrx_word' id='word_1_2' title='bbox 497 201 798 240; x_wconf 76' lang='lat' dir='ltr'><strong>DlALOGUM</strong></span> <span class='ocrx_word' id='word_1_3' title='bbox 827 200 902 239; x_wconf 87' lang='lat' dir='ltr'><strong>DE</strong></span> <span class='ocrx_word' id='word_1_4' title='bbox 931 200 1295 240; x_wconf 82' lang='lat' dir='ltr'><strong>ORATORIBUS.</strong></span> <span class='ocrx_word' id='word_1_5' title='bbox 1314 199 1323 204; x_wconf 78' lang='grc'><em>“</em></span> <span class='ocrx_word' id='word_1_6' title='bbox 1529 197 1609 246; x_wconf 72' lang='grc'><strong>627</strong></span> 
     </span>
    </p>
   </div>
   <div class='ocr_carea' id='block_1_2' title="bbox 76 300 1609 508">
    <p class='ocr_par' dir='ltr' id='par_1_2' title="bbox 76 300 1609 508">
     <span class='ocr_line' id='line_1_2' title="bbox 138 300 1609 361; baseline -0.001 -15"><span class='ocrx_word' id='word_1_7' title='bbox 138 301 229 346; x_wconf 79' lang='lat' dir='ltr'><strong>Aut</strong></span> <span class='ocrx_word' id='word_1_8' title='bbox 273 300 393 345; x_wconf 79' lang='lat' dir='ltr'><strong>Varii</strong></span> <span class='ocrx_word' id='word_1_9' title='bbox 434 302 630 361; x_wconf 77' lang='lat' dir='ltr'><strong>Thyestes.</strong></span> <span class='ocrx_word' id='word_1_10' title='bbox 706 302 772 346; x_wconf 87' lang='lat' dir='ltr'><strong>Ita</strong></span> <span class='ocrx_word' id='word_1_11' title='bbox 807 302 902 345; x_wconf 71' lang='lat' dir='ltr'><strong>libri</strong></span> <span class='ocrx_word' id='word_1_12' title='bbox 934 318 1078 346; x_wconf 88' lang='lat' dir='ltr'><strong>omnes</strong></span> <span class='ocrx_word' id='word_1_13' title='bbox 1110 303 1221 345; x_wconf 89' lang='lat' dir='ltr'><strong>editi.</strong></span> <span class='ocrx_word' id='word_1_14' title='bbox 1295 300 1405 348; x_wconf 63' lang='lat' dir='ltr'><strong>Cum</strong></span> <span class='ocrx_word' id='word_1_15' title='bbox 1442 310 1609 344; x_wconf 87' lang='lat' dir='ltr'><strong>moneat</strong></span> 
     </span>
     <span class='ocr_line' id='line_1_3' title="bbox 77 375 1606 434; baseline 0 -16"><span class='ocrx_word' id='word_1_16' title='bbox 77 375 244 432; x_wconf 79' lang='lat' dir='ltr'>Lipsius</span> <span class='ocrx_word' id='word_1_17' title='bbox 264 378 402 420; x_wconf 86' lang='lat' dir='ltr'><strong>deesse</strong></span> <span class='ocrx_word' id='word_1_18' title='bbox 421 378 586 434; x_wconf 87' lang='lat' dir='ltr'><strong>antiquo</strong></span> <span class='ocrx_word' id='word_1_19' title='bbox 605 377 720 431; x_wconf 91' lang='lat' dir='ltr'><strong>illud,</strong></span> <span class='ocrx_word' id='word_1_20' title='bbox 739 384 815 420; x_wconf 85' lang='lat' dir='ltr'><strong>aut</strong></span> <span class='ocrx_word' id='word_1_21' title='bbox 838 375 972 430; x_wconf 84' lang='lat' dir='ltr'><strong>Varii,</strong></span> <span class='ocrx_word' id='word_1_22' title='bbox 1002 376 1096 419; x_wconf 75' lang='lat' dir='ltr'><strong>sane</strong></span> <span class='ocrx_word' id='word_1_23' title='bbox 1127 375 1433 433; x_wconf 85' lang='lat' dir='ltr'><strong>intelligendum</strong></span> <span class='ocrx_word' id='word_1_24' title='bbox 1462 385 1526 418; x_wconf 89' lang='lat' dir='ltr'><strong>est</strong></span> <span class='ocrx_word' id='word_1_25' title='bbox 1555 376 1606 418; x_wconf 89' lang='lat' dir='ltr'><strong>de</strong></span> 
     </span>
     <span class='ocr_line' id='line_1_4' title="bbox 76 449 676 508; baseline 0 -15"><span class='ocrx_word' id='word_1_26' title='bbox 76 449 182 493; x_wconf 90' lang='lat' dir='ltr'><strong>MS.</strong></span> <span class='ocrx_word' id='word_1_27' title='bbox 202 451 365 494; x_wconf 88' lang='lat' dir='ltr'><strong>Farnes.</strong></span> <span class='ocrx_word' id='word_1_28' title='bbox 378 455 465 508; x_wconf 69' lang='lat' dir='ltr'><strong>‘quo</strong></span> <span class='ocrx_word' id='word_1_29' title='bbox 485 467 579 495; x_wconf 88' lang='lat' dir='ltr'><strong>usus</strong></span> <span class='ocrx_word' id='word_1_30' title='bbox 600 461 676 493; x_wconf 73' lang='lat' dir='ltr'><strong>est.¹</strong></span> 
     </span>
    </p>
   </div>
   <div class='ocr_carea' id='block_1_3' title="bbox 69 595 1607 1389">
    <p class='ocr_par' dir='ltr' id='par_1_3' title="bbox 69 595 1604 799">
     <span class='ocr_line' id='line_1_5' title="bbox 133 595 1604 657; baseline 0 -18"><span class='ocrx_word' id='word_1_31' title='bbox 133 595 253 640; x_wconf 79' lang='lat' dir='ltr'><strong>CAP.</strong></span> <span class='ocrx_word' id='word_1_32' title='bbox 284 603 349 642; x_wconf 83' lang='grc'><strong>13.</strong></span> <span class='ocrx_word' id='word_1_33' title='bbox 382 597 443 641; x_wconf 88' lang='lat' dir='ltr'><strong>Et</strong></span> <span class='ocrx_word' id='word_1_34' title='bbox 472 597 582 641; x_wconf 74' lang='lat' dir='ltr'><strong>illud</strong></span> <span class='ocrx_word' id='word_1_35' title='bbox 602 597 731 657; x_wconf 71' lang='lat' dir='ltr'><strong>felix.</strong></span> <span class='ocrx_word' id='word_1_36' title='bbox 791 598 895 642; x_wconf 90' lang='lat' dir='ltr'><strong>MS.</strong></span> <span class='ocrx_word' id='word_1_37' title='bbox 915 598 1054 642; x_wconf 89' lang='lat' dir='ltr'><strong>Vatic.</strong></span> <span class='ocrx_word' id='word_1_38' title='bbox 1090 600 1212 643; x_wconf 71' lang='lat'><strong>1862.</strong></span> <span class='ocrx_word' id='word_1_39' title='bbox 1251 597 1374 641; x_wconf 79' lang='lat' dir='ltr'><strong>istud.</strong></span> <span class='ocrx_word' id='word_1_40' title='bbox 1435 598 1604 641; x_wconf 88' lang='lat' dir='ltr'><strong>Grono-</strong></span> 
     </span>
     <span class='ocr_line' id='line_1_6' title="bbox 70 668 1603 732; baseline 0.001 -19"><span class='ocrx_word' id='word_1_41' title='bbox 70 669 160 732; x_wconf 80' lang='lat' dir='ltr'><strong>vius</strong></span> <span class='ocrx_word' id='word_1_42' title='bbox 178 681 314 714; x_wconf 88' lang='lat' dir='ltr'><strong>autem</strong></span> <span class='ocrx_word' id='word_1_43' title='bbox 341 673 406 715; x_wconf 88' lang='lat' dir='ltr'><strong>vel</strong></span> <span class='ocrx_word' id='word_1_44' title='bbox 425 673 494 716; x_wconf 81' lang='lat' dir='ltr'><strong>hic</strong></span> <span class='ocrx_word' id='word_1_45' title='bbox 520 672 707 715; x_wconf 83' lang='lat' dir='ltr'>lacunam</span> <span class='ocrx_word' id='word_1_46' title='bbox 734 688 835 726; x_wconf 88' lang='lat' dir='ltr'><strong>esse,</strong></span> <span class='ocrx_word' id='word_1_47' title='bbox 854 673 920 716; x_wconf 85' lang='lat' dir='ltr'><strong>vel</strong></span> <span class='ocrx_word' id='word_1_48' title='bbox 939 674 1250 727; x_wconf 84' lang='lat' dir='ltr'><strong>emendandum,</strong></span> <span class='ocrx_word' id='word_1_49' title='bbox 1279 681 1319 716; x_wconf 82' lang='lat' dir='ltr'><strong>et</strong></span> <span class='ocrx_word' id='word_1_50' title='bbox 1338 668 1447 716; x_wconf 80' lang='lat' dir='ltr'><strong>illud</strong></span> <span class='ocrx_word' id='word_1_51' title='bbox 1472 687 1603 715; x_wconf 82' lang='lat' dir='ltr'><strong>secum</strong></span> 
     </span>
     <span class='ocr_line' id='line_1_7' title="bbox 69 746 734 799; baseline -0.002 -12"><span class='ocrx_word' id='word_1_52' title='bbox 69 746 396 799; x_wconf 80' lang='lat' dir='ltr'><strong>contubernium,</strong></span> <span class='ocrx_word' id='word_1_53' title='bbox 415 746 634 790; x_wconf 83' lang='lat' dir='ltr'><strong>existimat.</strong></span> <span class='ocrx_word' id='word_1_54' title='bbox 716 776 734 786; x_wconf 64' lang='grc'>,</span> 
     </span>
    </p>

    <p class='ocr_par' dir='ltr' id='par_1_4' title="bbox 130 820 973 865">
     <span class='ocr_line' id='line_1_8' title="bbox 130 820 973 865; baseline 0 -1"><span class='ocrx_word' id='word_1_55' title='bbox 130 820 249 864; x_wconf 61' lang='lat' dir='ltr'><strong>Licet</strong></span> <span class='ocrx_word' id='word_1_56' title='bbox 267 820 374 864; x_wconf 79' lang='lat' dir='ltr'><strong>illos.</strong></span> <span class='ocrx_word' id='word_1_57' title='bbox 434 820 538 864; x_wconf 83' lang='lat' dir='ltr'><strong>MS.</strong></span> <span class='ocrx_word' id='word_1_58' title='bbox 558 821 695 865; x_wconf 91' lang='lat' dir='ltr'><strong>Vatic.</strong></span> <span class='ocrx_word' id='word_1_59' title='bbox 721 822 844 865; x_wconf 77' lang='lat'><strong>1862.</strong></span> <span class='ocrx_word' id='word_1_60' title='bbox 864 822 973 865; x_wconf 83' lang='lat' dir='ltr'><strong>istos.</strong></span> 
     </span>
    </p>

    <p class='ocr_par' dir='ltr' id='par_1_5' title="bbox 129 895 1037 954">
     <span class='ocr_line' id='line_1_9' title="bbox 129 895 1037 954; baseline 0.001 -16"><span class='ocrx_word' id='word_1_61' title='bbox 129 895 190 938; x_wconf 80' lang='lat' dir='ltr'><strong>Et</strong></span> <span class='ocrx_word' id='word_1_62' title='bbox 203 901 414 938; x_wconf 84' lang='lat' dir='ltr'><strong>secretum.</strong></span> <span class='ocrx_word' id='word_1_63' title='bbox 473 895 609 938; x_wconf 90' lang='lat' dir='ltr'><strong>MSS.</strong></span> <span class='ocrx_word' id='word_1_64' title='bbox 631 896 765 939; x_wconf 84' lang='lat' dir='ltr'><strong>Vatic.</strong></span> <span class='ocrx_word' id='word_1_65' title='bbox 784 904 821 939; x_wconf 83' lang='lat' dir='ltr'><strong>et</strong></span> <span class='ocrx_word' id='word_1_66' title='bbox 842 897 1037 954; x_wconf 80' lang='lat' dir='ltr'><strong>quietum.</strong></span> 
     </span>
    </p>

    <p class='ocr_par' dir='ltr' id='par_1_6' title="bbox 70 968 1600 1102">
     <span class='ocr_line' id='line_1_10' title="bbox 130 968 1600 1028; baseline 0.002 -16"><span class='ocrx_word' id='word_1_67' title='bbox 130 969 187 1012; x_wconf 82' lang='lat' dir='ltr'><strong>In</strong></span> <span class='ocrx_word' id='word_1_68' title='bbox 220 968 295 1012; x_wconf 77' lang='grc' dir='ltr'><strong>Ῐιᾶο</strong></span> <span class='ocrx_word' id='word_1_69' title='bbox 328 970 520 1026; x_wconf 80' lang='lat' dir='ltr'><strong>praesenti</strong></span> <span class='ocrx_word' id='word_1_70' title='bbox 541 969 740 1028; x_wconf 72' lang='lat' dir='ltr'><strong>fortund.</strong></span> <span class='ocrx_word' id='word_1_71' title='bbox 800 970 868 1013; x_wconf 89' lang='lat' dir='ltr'><strong>Ita</strong></span> <span class='ocrx_word' id='word_1_72' title='bbox 904 971 996 1013; x_wconf 85' lang='lat' dir='ltr'>libri</span> <span class='ocrx_word' id='word_1_73' title='bbox 1034 985 1174 1013; x_wconf 89' lang='lat' dir='ltr'><strong>omnes</strong></span> <span class='ocrx_word' id='word_1_74' title='bbox 1205 969 1317 1012; x_wconf 89' lang='lat' dir='ltr'><strong>editi.</strong></span> <span class='ocrx_word' id='word_1_75' title='bbox 1380 968 1428 1012; x_wconf 89' lang='lat' dir='ltr'><strong>[n</strong></span> <span class='ocrx_word' id='word_1_76' title='bbox 1458 969 1600 1015; x_wconf 88' lang='lat' dir='ltr'><strong>MSS.</strong></span> 
     </span>
     <span class='ocr_line' id='line_1_11' title="bbox 70 1043 1083 1102; baseline -0.002 -14"><span class='ocrx_word' id='word_1_77' title='bbox 70 1044 208 1088; x_wconf 83' lang='lat' dir='ltr'><strong>Vatic.</strong></span> <span class='ocrx_word' id='word_1_78' title='bbox 228 1044 275 1086; x_wconf 80' lang='lat' dir='ltr'><strong>in</strong></span> <span class='ocrx_word' id='word_1_79' title='bbox 295 1043 371 1087; x_wconf 79' lang='grc' dir='ltr'><strong>Ῐιᾶο</strong></span> <span class='ocrx_word' id='word_1_80' title='bbox 385 1043 458 1086; x_wconf 79' lang='grc' dir='ltr'><strong>ειιᾶ</strong></span> <span class='ocrx_word' id='word_1_81' title='bbox 464 1043 661 1102; x_wconf 69' lang='lat' dir='ltr'><strong>fortunii.</strong></span> <span class='ocrx_word' id='word_1_82' title='bbox 720 1045 779 1087; x_wconf 89' lang='lat' dir='ltr'><strong>Et</strong></span> <span class='ocrx_word' id='word_1_83' title='bbox 798 1045 903 1088; x_wconf 63' lang='lat' dir='ltr'><strong>forte</strong></span> <span class='ocrx_word' id='word_1_84' title='bbox 923 1044 1083 1087; x_wconf 71' lang='lat' dir='ltr'><strong>melius.</strong></span> 
     </span>
    </p>

    <p class='ocr_par' dir='ltr' id='par_1_7' title="bbox 70 1117 1607 1250">
     <span class='ocr_line' id='line_1_12' title="bbox 133 1117 1607 1177; baseline -0.002 -14"><span class='ocrx_word' id='word_1_85' title='bbox 133 1117 259 1164; x_wconf 64' lang='lat' dir='ltr'><strong>Quod</strong></span> <span class='ocrx_word' id='word_1_86' title='bbox 294 1118 451 1161; x_wconf 83' lang='lat' dir='ltr'><strong>timent.</strong></span> <span class='ocrx_word' id='word_1_87' title='bbox 513 1118 628 1161; x_wconf 75' lang='lat' dir='ltr'><strong>Bene</strong></span> <span class='ocrx_word' id='word_1_88' title='bbox 669 1119 806 1162; x_wconf 91' lang='lat' dir='ltr'><strong>MSS.</strong></span> <span class='ocrx_word' id='word_1_89' title='bbox 835 1118 970 1162; x_wconf 84' lang='lat' dir='ltr'><strong>Vatic.</strong></span> <span class='ocrx_word' id='word_1_90' title='bbox 1030 1118 1079 1161; x_wconf 93' lang='lat' dir='ltr'><strong>In</strong></span> <span class='ocrx_word' id='word_1_91' title='bbox 1109 1118 1222 1162; x_wconf 86' lang='lat' dir='ltr'><strong>libris</strong></span> <span class='ocrx_word' id='word_1_92' title='bbox 1251 1118 1384 1171; x_wconf 89' lang='lat' dir='ltr'><strong>editis,</strong></span> <span class='ocrx_word' id='word_1_93' title='bbox 1414 1133 1470 1161; x_wconf 81' lang='lat' dir='ltr'><strong>cm</strong></span> <span class='ocrx_word' id='word_1_94' title='bbox 1495 1117 1607 1177; x_wconf 81' lang='lat' dir='ltr'><strong>quod</strong></span> 
     </span>
     <span class='ocr_line' id='line_1_13' title="bbox 70 1191 1211 1250; baseline -0.001 -14"><span class='ocrx_word' id='word_1_95' title='bbox 70 1192 247 1236; x_wconf 66' lang='lat' dir='ltr'><strong>timent?</strong></span> <span class='ocrx_word' id='word_1_96' title='bbox 276 1193 387 1250; x_wconf 91' lang='lat' dir='ltr'><strong>quod</strong></span> <span class='ocrx_word' id='word_1_97' title='bbox 402 1209 484 1235; x_wconf 90' lang='lat' dir='ltr'><strong>non</strong></span> <span class='ocrx_word' id='word_1_98' title='bbox 505 1193 620 1250; x_wconf 74' lang='lat' dir='ltr'><strong>aeque</strong></span> <span class='ocrx_word' id='word_1_99' title='bbox 642 1202 859 1250; x_wconf 90' lang='lat' dir='ltr'><strong>usurpatur</strong></span> <span class='ocrx_word' id='word_1_100' title='bbox 878 1209 928 1235; x_wconf 89' lang='lat' dir='ltr'><strong>ex</strong></span> <span class='ocrx_word' id='word_1_101' title='bbox 950 1191 1101 1248; x_wconf 74' lang='lat' dir='ltr'><strong>Latino</strong></span> <span class='ocrx_word' id='word_1_102' title='bbox 1121 1209 1211 1236; x_wconf 90' lang='lat' dir='ltr'><strong>usu.</strong></span> 
     </span>
    </p>

    <p class='ocr_par' dir='ltr' id='par_1_8' title="bbox 131 1266 1517 1326">
     <span class='ocr_line' id='line_1_14' title="bbox 131 1266 1517 1326; baseline 0.001 -17"><span class='ocrx_word' id='word_1_103' title='bbox 131 1267 188 1309; x_wconf 78' lang='lat' dir='ltr'><strong>In</strong></span> <span class='ocrx_word' id='word_1_104' title='bbox 207 1266 285 1310; x_wconf 79' lang='lat' dir='ltr'><strong>illa</strong></span> <span class='ocrx_word' id='word_1_105' title='bbox 304 1283 423 1309; x_wconf 85' lang='lat' dir='ltr'><strong>sacra</strong></span> <span class='ocrx_word' id='word_1_106' title='bbox 444 1267 612 1325; x_wconf 80' lang='lat' dir='ltr'><strong>illosque</strong></span> <span class='ocrx_word' id='word_1_107' title='bbox 615 1267 778 1326; x_wconf 84' lang='lat' dir='ltr'><strong>fontes.</strong></span> <span class='ocrx_word' id='word_1_108' title='bbox 839 1266 942 1310; x_wconf 87' lang='lat' dir='ltr'><strong>MS.</strong></span> <span class='ocrx_word' id='word_1_109' title='bbox 963 1267 1099 1310; x_wconf 67' lang='lat' dir='ltr'><strong>Vatic.</strong></span> <span class='ocrx_word' id='word_1_110' title='bbox 1126 1269 1249 1311; x_wconf 71' lang='lat'><strong>1862.</strong></span> <span class='ocrx_word' id='word_1_111' title='bbox 1268 1267 1517 1311; x_wconf 81' lang='lat' dir='ltr'><strong>ista...istos.</strong></span> 
     </span>
    </p>

    <p class='ocr_par' dir='ltr' id='par_1_9' title="bbox 128 1339 1044 1389">
     <span class='ocr_line' id='line_1_15' title="bbox 128 1339 1044 1389; baseline -0.001 -5"><span class='ocrx_word' id='word_1_112' title='bbox 128 1339 253 1389; x_wconf 74' lang='lat' dir='ltr'><strong>Meus</strong></span> <span class='ocrx_word' id='word_1_113' title='bbox 271 1341 355 1384; x_wconf 81' lang='lat' dir='ltr'><strong>dies</strong></span> <span class='ocrx_word' id='word_1_114' title='bbox 372 1342 519 1384; x_wconf 81' lang='lat' dir='ltr'><strong>veniet.</strong></span> <span class='ocrx_word' id='word_1_115' title='bbox 581 1341 717 1385; x_wconf 90' lang='lat' dir='ltr'><strong>MSS.</strong></span> <span class='ocrx_word' id='word_1_116' title='bbox 735 1341 873 1384; x_wconf 89' lang='lat' dir='ltr'><strong>Vatic.</strong></span> <span class='ocrx_word' id='word_1_117' title='bbox 892 1341 1044 1385; x_wconf 81' lang='lat' dir='ltr'><strong>veniat.</strong></span> 
     </span>
    </p>
   </div>
   <div class='ocr_carea' id='block_1_4' title="bbox 68 1492 1603 2146">
    <p class='ocr_par' dir='ltr' id='par_1_10' title="bbox 68 1492 1601 1622">
     <span class='ocr_line' id='line_1_16' title="bbox 128 1492 1601 1552; baseline -0.002 -15"><span class='ocrx_word' id='word_1_118' title='bbox 128 1492 248 1537; x_wconf 80' lang='lat' dir='ltr'><strong>CAP.</strong></span> <span class='ocrx_word' id='word_1_119' title='bbox 274 1500 340 1538; x_wconf 84' lang='lat'><strong>14.</strong></span> <span class='ocrx_word' id='word_1_120' title='bbox 374 1493 480 1537; x_wconf 65' lang='lat' dir='ltr'><strong>Cum</strong></span> <span class='ocrx_word' id='word_1_121' title='bbox 525 1493 775 1552; x_wconf 75' lang='lat' dir='ltr'><strong>Vipstanius.</strong></span> <span class='ocrx_word' id='word_1_122' title='bbox 854 1494 991 1537; x_wconf 90' lang='lat' dir='ltr'><strong>MSS.</strong></span> <span class='ocrx_word' id='word_1_123' title='bbox 1027 1494 1164 1538; x_wconf 89' lang='lat' dir='ltr'><strong>Vatic.</strong></span> <span class='ocrx_word' id='word_1_124' title='bbox 1202 1502 1303 1537; x_wconf 86' lang='lat' dir='ltr'><strong>tum.</strong></span> <span class='ocrx_word' id='word_1_125' title='bbox 1375 1493 1601 1550; x_wconf 86' lang='lat' dir='ltr'><strong>Perperam</strong></span> 
     </span>
     <span class='ocr_line' id='line_1_17' title="bbox 68 1565 996 1622; baseline 0.002 -12"><span class='ocrx_word' id='word_1_126' title='bbox 68 1576 222 1611; x_wconf 66' lang='lat' dir='ltr'><strong>veteres</strong></span> <span class='ocrx_word' id='word_1_127' title='bbox 236 1569 448 1622; x_wconf 75' lang='lat' dir='ltr'><strong>editiones,</strong></span> <span class='ocrx_word' id='word_1_128' title='bbox 475 1568 684 1615; x_wconf 81' lang='lat' dir='ltr'><strong>Urbanius</strong></span> <span class='ocrx_word' id='word_1_129' title='bbox 700 1569 762 1612; x_wconf 91' lang='lat' dir='ltr'><strong>vel</strong></span> <span class='ocrx_word' id='word_1_130' title='bbox 789 1565 996 1612; x_wconf 82' lang='lat' dir='ltr'><strong>Urbanus.</strong></span> 
     </span>
    </p>

    <p class='ocr_par' dir='ltr' id='par_1_11' title="bbox 68 1626 1603 1835">
     <span class='ocr_line' id='line_1_18' title="bbox 126 1626 1603 1700; baseline 0 -15"><span class='ocrx_word' id='word_1_131' title='bbox 126 1641 374 1695; x_wconf 80' lang='lat' dir='ltr'><strong>Audentior,</strong></span> <span class='ocrx_word' id='word_1_132' title='bbox 396 1626 443 1687; x_wconf 54' lang='lat' dir='ltr'><strong>let</strong></span> <span class='ocrx_word' id='word_1_133' title='bbox 456 1650 686 1700; x_wconf 83' lang='lat' dir='ltr'><strong>poetarum.</strong></span> <span class='ocrx_word' id='word_1_134' title='bbox 746 1642 866 1686; x_wconf 72' lang='lat' dir='ltr'><strong>Male</strong></span> <span class='ocrx_word' id='word_1_135' title='bbox 885 1642 928 1685; x_wconf 89' lang='lat' dir='ltr'><strong>in</strong></span> <span class='ocrx_word' id='word_1_136' title='bbox 945 1642 1148 1685; x_wconf 78' lang='lat' dir='ltr'><strong>veteribus</strong></span> <span class='ocrx_word' id='word_1_137' title='bbox 1168 1632 1428 1695; x_wconf 71' lang='lat' dir='ltr'><strong>editionibus,</strong></span> <span class='ocrx_word' id='word_1_138' title='bbox 1449 1642 1603 1686; x_wconf 85' lang='lat' dir='ltr'><strong>auden-</strong></span> 
     </span>
     <span class='ocr_line' id='line_1_19' title="bbox 68 1715 1602 1774; baseline -0.002 -13"><span class='ocrx_word' id='word_1_139' title='bbox 68 1725 144 1762; x_wconf 81' lang='lat' dir='ltr'><strong>ter.</strong></span> <span class='ocrx_word' id='word_1_140' title='bbox 202 1717 254 1760; x_wconf 90' lang='lat' dir='ltr'><strong>In</strong></span> <span class='ocrx_word' id='word_1_141' title='bbox 292 1718 521 1760; x_wconf 76' lang='lat' dir='ltr'><strong>recentibus</strong></span> <span class='ocrx_word' id='word_1_142' title='bbox 550 1725 687 1760; x_wconf 85' lang='lat' dir='ltr'><strong>autem</strong></span> <span class='ocrx_word' id='word_1_143' title='bbox 726 1732 941 1773; x_wconf 85' lang='lat' dir='ltr'><strong>perperam</strong></span> <span class='ocrx_word' id='word_1_144' title='bbox 974 1716 1125 1761; x_wconf 84' lang='lat' dir='ltr'><strong>omissa</strong></span> <span class='ocrx_word' id='word_1_145' title='bbox 1163 1715 1314 1773; x_wconf 86' lang='lat' dir='ltr'><strong>copula</strong></span> <span class='ocrx_word' id='word_1_146' title='bbox 1346 1723 1398 1770; x_wconf 82' lang='lat' dir='ltr'><strong>et,</strong></span> <span class='ocrx_word' id='word_1_147' title='bbox 1432 1731 1522 1774; x_wconf 86' lang='lat' dir='ltr'><strong>quae</strong></span> <span class='ocrx_word' id='word_1_148' title='bbox 1560 1715 1602 1758; x_wconf 88' lang='lat' dir='ltr'><strong>in</strong></span> 
     </span>
     <span class='ocr_line' id='line_1_20' title="bbox 69 1789 1111 1835; baseline -0.003 0"><span class='ocrx_word' id='word_1_149' title='bbox 69 1791 210 1835; x_wconf 88' lang='lat' dir='ltr'><strong>MSS.</strong></span> <span class='ocrx_word' id='word_1_150' title='bbox 231 1790 366 1834; x_wconf 89' lang='lat' dir='ltr'><strong>Vatic.</strong></span> <span class='ocrx_word' id='word_1_151' title='bbox 385 1801 427 1834; x_wconf 88' lang='lat' dir='ltr'><strong>et</strong></span> <span class='ocrx_word' id='word_1_152' title='bbox 440 1791 639 1834; x_wconf 82' lang='lat' dir='ltr'><strong>veteribus</strong></span> <span class='ocrx_word' id='word_1_153' title='bbox 657 1790 901 1833; x_wconf 85' lang='lat' dir='ltr'><strong>editionibus</strong></span> <span class='ocrx_word' id='word_1_154' title='bbox 921 1789 1111 1833; x_wconf 85' lang='lat' dir='ltr'><strong>occurrit.</strong></span> 
     </span>
    </p>

    <p class='ocr_par' dir='ltr' id='par_1_12' title="bbox 75 1863 1601 1989">
     <span class='ocr_line' id='line_1_21' title="bbox 128 1863 1601 1923; baseline 0 -15"><span class='ocrx_word' id='word_1_155' title='bbox 128 1865 446 1922; x_wconf 79' lang='lat' dir='ltr'><strong>Disputationes</strong></span> <span class='ocrx_word' id='word_1_156' title='bbox 482 1865 726 1923; x_wconf 77' lang='lat' dir='ltr'><strong>adjungitis.</strong></span> <span class='ocrx_word' id='word_1_157' title='bbox 785 1864 851 1908; x_wconf 88' lang='lat' dir='ltr'><strong>Ita</strong></span> <span class='ocrx_word' id='word_1_158' title='bbox 886 1864 983 1907; x_wconf 85' lang='lat' dir='ltr'><strong>libri</strong></span> <span class='ocrx_word' id='word_1_159' title='bbox 1031 1864 1140 1907; x_wconf 90' lang='lat' dir='ltr'><strong>editi.</strong></span> <span class='ocrx_word' id='word_1_160' title='bbox 1200 1863 1251 1907; x_wconf 92' lang='lat' dir='ltr'><strong>In</strong></span> <span class='ocrx_word' id='word_1_161' title='bbox 1289 1864 1427 1908; x_wconf 91' lang='lat' dir='ltr'><strong>MSS.</strong></span> <span class='ocrx_word' id='word_1_162' title='bbox 1466 1864 1601 1921; x_wconf 82' lang='lat' dir='ltr'><strong>Vatic.</strong></span> 
     </span>
     <span class='ocr_line' id='line_1_22' title="bbox 75 1938 1397 1989; baseline -0.001 -7"><span class='ocrx_word' id='word_1_163' title='bbox 75 1942 184 1984; x_wconf 79' lang='lat'>1862</span> <span class='ocrx_word' id='word_1_164' title='bbox 203 1948 244 1982; x_wconf 84' lang='lat' dir='ltr'><strong>et</strong></span> <span class='ocrx_word' id='word_1_165' title='bbox 262 1945 390 1989; x_wconf 89' lang='grc'><strong>4498.</strong></span> <span class='ocrx_word' id='word_1_166' title='bbox 410 1939 625 1982; x_wconf 79' lang='lat' dir='ltr'><strong>assumitis.</strong></span> <span class='ocrx_word' id='word_1_167' title='bbox 685 1938 735 1981; x_wconf 89' lang='lat' dir='ltr'><strong>In</strong></span> <span class='ocrx_word' id='word_1_168' title='bbox 753 1939 855 1982; x_wconf 92' lang='lat' dir='ltr'><strong>MS.</strong></span> <span class='ocrx_word' id='word_1_169' title='bbox 875 1939 1009 1982; x_wconf 89' lang='lat' dir='ltr'><strong>Vatic.</strong></span> <span class='ocrx_word' id='word_1_170' title='bbox 1035 1945 1159 1982; x_wconf 83' lang='lat'><strong>1518.</strong></span> <span class='ocrx_word' id='word_1_171' title='bbox 1176 1947 1214 1981; x_wconf 84' lang='lat' dir='ltr'><strong>et</strong></span> <span class='ocrx_word' id='word_1_172' title='bbox 1225 1939 1397 1982; x_wconf 83' lang='lat' dir='ltr'><strong>sumitis.</strong></span> 
     </span>
    </p>

    <p class='ocr_par' dir='ltr' id='par_1_13' title="bbox 70 2012 1602 2146">
     <span class='ocr_line' id='line_1_23' title="bbox 128 2012 1602 2066; baseline 0.001 -10"><span class='ocrx_word' id='word_1_173' title='bbox 128 2012 189 2056; x_wconf 82' lang='lat' dir='ltr'><strong>Et</strong></span> <span class='ocrx_word' id='word_1_174' title='bbox 207 2013 447 2057; x_wconf 78' lang='lat' dir='ltr'><strong>eruditionis</strong></span> <span class='ocrx_word' id='word_1_175' title='bbox 466 2020 506 2057; x_wconf 87' lang='lat' dir='ltr'><strong>et</strong></span> <span class='ocrx_word' id='word_1_176' title='bbox 536 2012 763 2057; x_wconf 78' lang='lat' dir='ltr'><strong>literarum.</strong></span> <span class='ocrx_word' id='word_1_177' title='bbox 821 2013 874 2055; x_wconf 92' lang='lat' dir='ltr'><strong>In</strong></span> <span class='ocrx_word' id='word_1_178' title='bbox 907 2013 1110 2056; x_wconf 85' lang='lat' dir='ltr'><strong>veteribus</strong></span> <span class='ocrx_word' id='word_1_179' title='bbox 1141 2013 1399 2066; x_wconf 88' lang='lat' dir='ltr'><strong>editionibus,</strong></span> <span class='ocrx_word' id='word_1_180' title='bbox 1429 2013 1602 2057; x_wconf 81' lang='lat' dir='ltr'><strong>eruditi-</strong></span> 
     </span>
     <span class='ocr_line' id='line_1_24' title="bbox 70 2087 1602 2146; baseline 0.001 -15"><span class='ocrx_word' id='word_1_181' title='bbox 70 2103 176 2131; x_wconf 81' lang='lat' dir='ltr'><strong>ones.</strong></span> <span class='ocrx_word' id='word_1_182' title='bbox 229 2088 451 2131; x_wconf 87' lang='lat' dir='ltr'><strong>Rhenanus</strong></span> <span class='ocrx_word' id='word_1_183' title='bbox 489 2089 785 2140; x_wconf 80' lang='lat' dir='ltr'><strong>emendaverat,</strong></span> <span class='ocrx_word' id='word_1_184' title='bbox 818 2087 1097 2131; x_wconf 73' lang='lat' dir='ltr'><strong>eruditionem.</strong></span> <span class='ocrx_word' id='word_1_185' title='bbox 1157 2087 1316 2132; x_wconf 64' lang='lat' dir='ltr'><strong>Melius</strong></span> <span class='ocrx_word' id='word_1_186' title='bbox 1354 2088 1602 2146; x_wconf 90' lang='lat' dir='ltr'><strong>Rodolphus</strong></span> 
     </span>
    </p>
   </div>
   <div class='ocr_carea' id='block_1_5' title="bbox 0 2162 795 2218">
    <p class='ocr_par' dir='ltr' id='par_1_14' title="bbox 0 2162 795 2218">
     <span class='ocr_line' id='line_1_25' title="bbox 0 2162 795 2218; baseline -0.003 -12"><span class='ocrx_word' id='word_1_187' title='bbox 0 2163 3 2164; x_wconf 42' lang='lat'><em>⁷</em></span> <span class='ocrx_word' id='word_1_188' title='bbox 67 2162 269 2218; x_wconf 83' lang='lat' dir='ltr'><strong>Agricola</strong></span> <span class='ocrx_word' id='word_1_189' title='bbox 285 2171 328 2206; x_wconf 88' lang='lat' dir='ltr'><strong>et</strong></span> <span class='ocrx_word' id='word_1_190' title='bbox 349 2162 528 2218; x_wconf 87' lang='lat' dir='ltr'><strong>Lipsius,</strong></span> <span class='ocrx_word' id='word_1_191' title='bbox 541 2162 795 2205; x_wconf 76' lang='lat' dir='ltr'><strong>emditionis.</strong></span> 
     </span>
    </p>
   </div>
   <div class='ocr_carea' id='block_1_6' title="bbox 69 2235 1601 2369">
    <p class='ocr_par' dir='ltr' id='par_1_15' title="bbox 69 2235 1601 2369">
     <span class='ocr_line' id='line_1_26' title="bbox 128 2235 1601 2294; baseline 0.002 -16"><span class='ocrx_word' id='word_1_192' title='bbox 128 2235 325 2278; x_wconf 85' lang='lat' dir='ltr'><strong>Plurium</strong></span> <span class='ocrx_word' id='word_1_193' title='bbox 345 2236 555 2294; x_wconf 77' lang='lat' dir='ltr'><strong>ejusmodi.</strong></span> <span class='ocrx_word' id='word_1_194' title='bbox 615 2236 680 2278; x_wconf 85' lang='lat' dir='ltr'><strong>Ita</strong></span> <span class='ocrx_word' id='word_1_195' title='bbox 699 2236 895 2279; x_wconf 85' lang='lat' dir='ltr'><strong>editiones</strong></span> <span class='ocrx_word' id='word_1_196' title='bbox 914 2245 1070 2279; x_wconf 84' lang='lat' dir='ltr'><strong>veteres</strong></span> <span class='ocrx_word' id='word_1_197' title='bbox 1096 2244 1138 2279; x_wconf 87' lang='lat' dir='ltr'><strong>et</strong></span> <span class='ocrx_word' id='word_1_198' title='bbox 1162 2236 1420 2280; x_wconf 85' lang='lat' dir='ltr'><strong>recentiores.</strong></span> <span class='ocrx_word' id='word_1_199' title='bbox 1479 2237 1601 2281; x_wconf 59' lang='lat' dir='ltr'><strong>hIale</strong></span> 
     </span>
     <span class='ocr_line' id='line_1_27' title="bbox 69 2302 1561 2369; baseline 0.001 -17"><span class='ocrx_word' id='word_1_200' title='bbox 69 2309 314 2364; x_wconf 85' lang='lat' dir='ltr'><strong>Beroaldus,</strong></span> <span class='ocrx_word' id='word_1_201' title='bbox 325 2309 568 2366; x_wconf 68' lang='lat' dir='ltr'><strong>plurimum.</strong></span> <span class='ocrx_word' id='word_1_202' title='bbox 627 2309 749 2353; x_wconf 85' lang='lat' dir='ltr'><strong>Unde</strong></span> <span class='ocrx_word' id='word_1_203' title='bbox 771 2310 966 2354; x_wconf 83' lang='lat' dir='ltr'><strong>Muretus</strong></span> <span class='ocrx_word' id='word_1_204' title='bbox 985 2311 1240 2364; x_wconf 84' lang='lat' dir='ltr'><strong>emendabat,</strong></span> <span class='ocrx_word' id='word_1_205' title='bbox 1254 2310 1496 2369; x_wconf 84' lang='lat' dir='ltr'><strong>pluri-mam.</strong></span> <span class='ocrx_word' id='word_1_206' title='bbox 1558 2302 1561 2305; x_wconf 37' lang='grc'>’</span> 
     </span>
    </p>
   </div>
   <div class='ocr_carea' id='block_1_7' title="bbox 3 2457 1600 2959">
    <p class='ocr_par' dir='ltr' id='par_1_16' title="bbox 3 2457 1600 2959">
     <span class='ocr_line' id='line_1_28' title="bbox 128 2457 1600 2517; baseline 0.001 -17"><span class='ocrx_word' id='word_1_207' title='bbox 128 2457 249 2501; x_wconf 76' lang='lat' dir='ltr'><strong>CAP.</strong></span> <span class='ocrx_word' id='word_1_208' title='bbox 282 2463 346 2501; x_wconf 88' lang='grc'><strong>15.</strong></span> <span class='ocrx_word' id='word_1_209' title='bbox 378 2459 520 2517; x_wconf 80' lang='lat' dir='ltr'><strong>Atque</strong></span> <span class='ocrx_word' id='word_1_210' title='bbox 539 2459 629 2502; x_wconf 78' lang='lat' dir='ltr'><strong>ideo</strong></span> <span class='ocrx_word' id='word_1_211' title='bbox 658 2459 790 2502; x_wconf 84' lang='lat' dir='ltr'><strong>credo.</strong></span> <span class='ocrx_word' id='word_1_212' title='bbox 835 2459 885 2502; x_wconf 91' lang='lat' dir='ltr'><strong>In</strong></span> <span class='ocrx_word' id='word_1_213' title='bbox 906 2459 1042 2504; x_wconf 87' lang='lat' dir='ltr'><strong>MSS.</strong></span> <span class='ocrx_word' id='word_1_214' title='bbox 1059 2468 1102 2503; x_wconf 88' lang='lat' dir='ltr'><strong>et</strong></span> <span class='ocrx_word' id='word_1_215' title='bbox 1118 2459 1321 2503; x_wconf 82' lang='lat' dir='ltr'><strong>veteribus</strong></span> <span class='ocrx_word' id='word_1_216' title='bbox 1339 2459 1600 2513; x_wconf 87' lang='lat' dir='ltr'><strong>editionibus,</strong></span> 
     </span>
     <span class='ocr_line' id='line_1_29' title="bbox 70 2532 1600 2590; baseline 0.001 -15"><span class='ocrx_word' id='word_1_217' title='bbox 70 2532 253 2589; x_wconf 80' lang='lat' dir='ltr'><strong>antiquis</strong></span> <span class='ocrx_word' id='word_1_218' title='bbox 289 2548 333 2575; x_wconf 89' lang='lat' dir='ltr'><strong>eo</strong></span> <span class='ocrx_word' id='word_1_219' title='bbox 367 2533 498 2575; x_wconf 83' lang='lat' dir='ltr'><strong>credo.</strong></span> <span class='ocrx_word' id='word_1_220' title='bbox 557 2532 679 2575; x_wconf 90' lang='lat' dir='ltr'><strong>Unde</strong></span> <span class='ocrx_word' id='word_1_221' title='bbox 717 2533 976 2576; x_wconf 87' lang='lat' dir='ltr'><strong>scribendum</strong></span> <span class='ocrx_word' id='word_1_222' title='bbox 1016 2534 1135 2586; x_wconf 74' lang='lat' dir='ltr'><strong>forte,</strong></span> <span class='ocrx_word' id='word_1_223' title='bbox 1173 2533 1430 2576; x_wconf 76' lang='lat' dir='ltr'><strong>contenderes</strong></span> <span class='ocrx_word' id='word_1_224' title='bbox 1450 2549 1600 2590; x_wconf 81' lang='lat' dir='ltr'><strong>parem</strong></span> 
     </span>
     <span class='ocr_line' id='line_1_30' title="bbox 58 2606 1600 2664; baseline 0.001 -16"><span class='ocrx_word' id='word_1_225' title='bbox 58 2606 749 2664; x_wconf 72' lang='lat' dir='ltr'><strong>&#39;aretiquis,-conjiciebat·Lipsius,</strong></span> <span class='ocrx_word' id='word_1_226' title='bbox 808 2607 937 2654; x_wconf 80' lang='lat' dir='ltr'><strong>Quod</strong></span> <span class='ocrx_word' id='word_1_227' title='bbox 970 2607 1136 2650; x_wconf 71' lang='lat' dir='ltr'><strong>minime</strong></span> <span class='ocrx_word' id='word_1_228' title='bbox 1168 2606 1395 2663; x_wconf 85' lang='lat' dir='ltr'><strong>probabile.</strong></span> <span class='ocrx_word' id='word_1_229' title='bbox 1451 2607 1600 2650; x_wconf 57' lang='lat' dir='ltr'><strong>Verius</strong></span> 
     </span>
     <span class='ocr_line' id='line_1_31' title="bbox 3 2672 1598 2738; baseline 0.001 -16"><span class='ocrx_word' id='word_1_230' title='bbox 3 2672 20 2684; x_wconf 69' lang='lat'>‘</span> <span class='ocrx_word' id='word_1_231' title='bbox 70 2680 313 2732; x_wconf 87' lang='lat' dir='ltr'><strong>emendavit,</strong></span> <span class='ocrx_word' id='word_1_232' title='bbox 333 2687 457 2738; x_wconf 81' lang='lat' dir='ltr'><strong>atq-ue</strong></span> <span class='ocrx_word' id='word_1_233' title='bbox 473 2680 519 2722; x_wconf 82' lang='lat' dir='ltr'><strong>id</strong></span> <span class='ocrx_word' id='word_1_234' title='bbox 538 2679 584 2723; x_wconf 78' lang='grc' dir='ltr'><strong>εδ</strong></span> <span class='ocrx_word' id='word_1_235' title='bbox 603 2681 744 2732; x_wconf 81' lang='lat' dir='ltr'><strong>credo‚·</strong></span> <span class='ocrx_word' id='word_1_236' title='bbox 774 2690 815 2723; x_wconf 92' lang='lat' dir='ltr'><strong>et</strong></span> <span class='ocrx_word' id='word_1_237' title='bbox 843 2680 1135 2724; x_wconf 89' lang='lat' dir='ltr'><strong>recentioribus</strong></span> <span class='ocrx_word' id='word_1_238' title='bbox 1156 2681 1345 2724; x_wconf 89' lang='lat' dir='ltr'><strong>omnibus</strong></span> <span class='ocrx_word' id='word_1_239' title='bbox 1365 2683 1598 2737; x_wconf 88' lang='lat' dir='ltr'><strong>probatum.</strong></span> 
     </span>
     <span class='ocr_line' id='line_1_32' title="bbox 69 2752 1599 2813; baseline 0.001 -18"><span class='ocrx_word' id='word_1_240' title='bbox 69 2752 182 2796; x_wconf 80' lang='lat' dir='ltr'><strong>Mox</strong></span> <span class='ocrx_word' id='word_1_241' title='bbox 203 2769 418 2810; x_wconf 87' lang='lat' dir='ltr'><strong>perperam</strong></span> <span class='ocrx_word' id='word_1_242' title='bbox 446 2763 601 2797; x_wconf 84' lang='lat' dir='ltr'><strong>veteres</strong></span> <span class='ocrx_word' id='word_1_243' title='bbox 620 2754 832 2808; x_wconf 85' lang='lat' dir='ltr'><strong>editiones,</strong></span> <span class='ocrx_word' id='word_1_244' title='bbox 851 2755 962 2812; x_wconf 84' lang='lat' dir='ltr'><strong>quod</strong></span> <span class='ocrx_word' id='word_1_245' title='bbox 982 2755 1189 2813; x_wconf 71' lang='lat' dir='ltr'><strong>malignus</strong></span> <span class='ocrx_word' id='word_1_246' title='bbox 1207 2754 1271 2797; x_wconf 89' lang='lat' dir='ltr'><strong>vel</strong></span> <span class='ocrx_word' id='word_1_247' title='bbox 1295 2754 1519 2812; x_wconf 67' lang='lat' dir='ltr'><strong>maligni-eis</strong></span> <span class='ocrx_word' id='word_1_248' title='bbox 1538 2755 1599 2798; x_wconf 77' lang='lat' dir='ltr'><strong>his</strong></span> 
     </span>
     <span class='ocr_line' id='line_1_33' title="bbox 67 2827 1596 2887; baseline 0 -18"><span class='ocrx_word' id='word_1_249' title='bbox 67 2827 316 2883; x_wconf 80' lang='lat' dir='ltr'><strong>opinionem,</strong></span> <span class='ocrx_word' id='word_1_250' title='bbox 350 2842 426 2883; x_wconf 88' lang='lat' dir='ltr'><strong>pro</strong></span> <span class='ocrx_word' id='word_1_251' title='bbox 446 2827 556 2885; x_wconf 62' lang='lat' dir='ltr'><strong>quad</strong></span> <span class='ocrx_word' id='word_1_252' title='bbox 587 2827 765 2887; x_wconf 80' lang='lat' dir='ltr'><strong>maligni</strong></span> <span class='ocrx_word' id='word_1_253' title='bbox 793 2829 838 2872; x_wconf 86' lang='lat' dir='ltr'><strong>in</strong></span> <span class='ocrx_word' id='word_1_254' title='bbox 865 2828 916 2871; x_wconf 87' lang='lat' dir='ltr'><strong>iis</strong></span> <span class='ocrx_word' id='word_1_255' title='bbox 949 2829 1194 2885; x_wconf 80' lang='lat' dir='ltr'><strong>opinionem.</strong></span> <span class='ocrx_word' id='word_1_256' title='bbox 1251 2828 1303 2872; x_wconf 86' lang='lat' dir='ltr'><strong>In</strong></span> <span class='ocrx_word' id='word_1_257' title='bbox 1337 2828 1441 2872; x_wconf 87' lang='lat' dir='ltr'><strong>MS.</strong></span> <span class='ocrx_word' id='word_1_258' title='bbox 1462 2827 1596 2871; x_wconf 87' lang='lat' dir='ltr'><strong>Vatic.</strong></span> 
     </span>
     <span class='ocr_line' id='line_1_34' title="bbox 75 2901 539 2959; baseline -0.002 -15"><span class='ocrx_word' id='word_1_259' title='bbox 75 2905 199 2944; x_wconf 84' lang='lat'><strong>1518.</strong></span> <span class='ocrx_word' id='word_1_260' title='bbox 214 2901 393 2959; x_wconf 64' lang='lat' dir='ltr'><strong>maligne</strong></span> <span class='ocrx_word' id='word_1_261' title='bbox 411 2901 456 2944; x_wconf 81' lang='lat' dir='ltr'><strong>in</strong></span> <span class='ocrx_word' id='word_1_262' title='bbox 476 2901 539 2944; x_wconf 75' lang='lat' dir='ltr'><strong>iis.</strong></span> 
     </span>
    </p>
   </div>
  </div>
 </body>
</html>
