1768 3236
60 205 101 249 J.
113 205 239 245 C.42.
482 204 630 243 LIBRI
660 203 803 243 NONI
832 203 1154 243 ANNALIUM.
1526 208 1604 244 385

62 309 123 359 ad
155 295 343 358 con'silia
371 306 527 366 traxit,
560 307 693 372 qubd
722 306 900 372 imperii
930 306 1089 355 avidus
1112 318 1247 366 esset,
1279 323 1365 356 nec
1387 305 1603 372 indignus

62 386 328 445 haberetur,
378 385 675 451 legionesque
719 402 828 432 cum
872 384 1028 432 multis
1071 383 1250 432 auxiliis
1293 395 1602 448 suppeterent.-

61 464 292 515 Permotae
336 462 467 511 ducis
520 462 804 521 auctoritate,
859 461 1068 510 novitatis
1118 460 1368 520 inlecebra,
1424 472 1603 509 mutant

60 542 434 591 sacramentum.¹
490 541 732 589 Senatores
755 539 942 605 plurimi
964 550 1010 588 et
1031 539 1223 604 equites,
1247 540 1430 588 easdem
1453 551 1603 604 partes

62 618 223 678 secuti,
255 618 535 667 Dalmatiam
557 629 734 683 petunt.
1594 634 1618 652 κ

129 780 209 822 36.
246 775 311 823 Sc
320 789 666 833 R1130N1Amss,
699 772 968 838 adspirantis
1011 768 1211 826 fortunae
1250 771 1384 820 initiis
1423 770 1601 831 elatior,

61 863 279 917 ratusque
301 852 507 900 timidam
523 851 705 901 Claudii
721 862 925 900 mentem
947 850 1060 899 citra
1074 851 1252 898 bellum
1268 850 1430 898 terreri
1451 866 1602 913 posse,

61 946 172 978 eum
211 929 544 978 contumeliosa
573 928 831 994 minacique
867 927 1058 994 epistola
1094 933 1127 955 “
1146 929 1309 976 cedere
1339 926 1568 991 imperio''
1586 929 1603 948 ⁷·

54 1008 205 1072 Jubet,
240 1013 274 1036 “
297 1008 528 1072 vitamque
567 1007 759 1056 otiosam
781 1007 829 1055 in
850 1006 1026 1072 privata
1065 1024 1117 1056 re
1154 998 1342 1072 agere.'’
1411 1003 1602 1052 Mobilis

62 1085 224 1134 Caesar
238 1087 336 1151 jam
358 1085 610 1145 dubitabat,
643 1084 854 1133 adhibitis
875 1084 1156 1149 principibus
1177 1083 1318 1142 viris‚³
1344 1099 1404 1130 an
1425 1083 1602 1130 obtem-

60 1173 261 1226 peraret,
294 1163 409 1211 cfim
444 1163 704 1212 nuntiatum
727 1174 795 1211 est
834 1168 868 1191 ‘⁶
891 1162 1176 1212 Scriboniani
1197 1161 1432 1210 fortunam
1453 1159 1602 1208 evani-

63 1243 95 1265 “
126 1240 236 1288 dam
279 1241 494 1304 periisse:
548 1238 785 1307 legionum
823 1257 976 1306 neque
1014 1240 1188 1306 aquilas
1227 1238 1418 1298 ornari‚⁴
1449 1255 1601 1303 neque

65 1320 97 1342 ‘⁶
127 1316 260 1383 signa
282 1319 480 1367 convelli
502 1319 771 1385 moverique
804 1320 1032 1384 potuisse:
1069 1318 1235 1367 milites
1255 1317 1419 1366 Deum
1455 1326 1601 1375 metu,

64 1397 94 1420 “
125 1394 308 1445 violatae
343 1396 451 1444 fidei
481 1398 660 1462 pudore
693 1398 741 1445 in
773 1398 1089 1464 poenitentiam
1122 1412 1386 1455 conversos,
1422 1393 1606 1443 Claudii

63 1474 96 1498 “
126 1470 349 1538 imagines
381 1474 613 1535 adorasse,
647 1476 894 1526 renovasse
927 1487 1278 1526 sacramentum.
1348 1471 1605 1541 Scribonia-

63 1552 96 1575 “
125 1565 260 1609 num,
309 1562 541 1600 amentem
574 1553 732 1614 animi,
779 1552 827 1602 in
862 1550 1005 1603 Issam
1037 1554 1233 1603 insulam
1251 1555 1264 1581 ⁵
1305 1549 1600 1616 profugisse3

65 1630 95 1653 “
126 1626 282 1691 ibique
313 1626 341 1675 a
363 1629 625 1695 Volaginio,
659 1631 708 1680 in
746 1632 906 1681 uxoris
943 1631 1140 1698 gremio,
1174 1629 1378 1679 occisum
1392 1625 1410 1650 ⁶
1445 1627 1606 1692 quinto

64 1707 95 1730 “
127 1703 388 1754 rebellionis
411 1705 537 1755 die.”

0 1928 9 1939 N
58 1904 215 1943 quoque
243 1893 453 1933 defectione
486 1898 669 1948 scripsere
705 1899 799 1937 Sue-

59 1946 188 1984 tonius
208 1947 247 1984 in
266 1948 407 1987 Claud.
428 1962 526 1989 x111.
542 1951 703 1991 Tacitus
719 1955 799 1991 An-

58 1999 137 2038 nal.
155 2012 238 2038 ΧΠ.
259 2005 322 2039 52.

35 2149 42 2153 ,
113 2106 126 2124 ¹
175 2106 468 2150 Sacramentum.
524 2113 642 2159 Quod
689 2114 795 2166 prins

3 2172 13 2179 ·
58 2161 225 2200 Claudio
242 2164 429 2206 dixerant.

112 2213 130 2231 ²
168 2215 306 2255 Cedere
340 2219 507 2270 imperio.
563 2221 719 2259 Sueton.
755 2222 794 2265 in

60 2268 203 2308 Claud.
223 2283 367 2309 xxxv.

112 2319 129 2343 ³
159 2323 398 2375 Principibus
412 2326 516 2365 viris.
577 2326 682 2365 Suet.
700 2328 794 2366 ibid.

108 2373 130 2398 ⁴
155 2377 316 2428 Aquilas
333 2380 475 2418 ornari.
503 2379 568 2418 Ob
588 2382 675 2420 novi
694 2381 797 2432 prin·

60 2429 213 2482 cipatfis
230 2431 352 2480 initia,
379 2434 527 2483 aquilas
543 2435 726 2486 signaque
739 2449 798 2474 or·

57 2496 149 2523 nare
174 2484 329 2523 voluere
356 2487 517 2526 milites:
546 2501 624 2539 quo
652 2490 698 2526 de
723 2502 795 2527 usu
820 2499 822 2501 ’

57 2537 229 2576 diximus
254 2552 372 2591 supra
385 2541 527 2580 Annal.
544 2553 614 2581 111.
633 2548 670 2582 2.
699 2543 796 2581 Rem

57 2590 148 2630 vero
181 2599 311 2630 narrat
344 2593 550 2633 Suetonius
579 2596 618 2634 in
656 2596 796 2635 Claud.

58 2656 163 2684 xm.
218 2645 365 2686 Bellum
392 2649 501 2688 civile
526 2651 642 2689 movit
660 2649 798 2688 Furius

58 2697 237 2738 Camillus
270 2700 547 2748 Scribonianus,
592 2704 798 2742 Dalmatioe

56 2751 205 2804 legatae
217 2769 230 2792 .·
247 2755 377 2793 veram
395 2756 500 2794 intra
517 2758 684 2807 quintum
703 2757 796 2797 diem

57 2817 252 2856 oppressus
279 2814 349 2856 eet,
377 2809 593 2860 legionibus,
623 2824 702 2861 quoe
735 2824 797 2848 sa-

24 2892 28 2895 .
57 2867 284 2899 crumentum
301 2868 553 2911 mutaverant,
565 2865 604 2902 in
618 2864 795 2915 poeniten-

7 2947 11 2953 .
57 2912 149 2951 tiam
173 2914 354 2966 religione
377 2917 575 2964 conversis,
598 2910 795 2969 postquam

58 2964 278 3008 denuntiato
301 2970 351 3007 ad
375 2982 507 3008 novum
536 2971 795 3022 imperatorem

322 3048 440 3084 VOL·
466 3050 536 3082 1v.

867 1900 1013 1945 itinere,
1042 1912 1128 1937 casu
1148 1897 1315 1948 quodam,
1343 1911 1391 1936 an
1412 1897 1606 1945 divinitas,

868 1967 982 2004 neque
1011 1952 1145 2004 aquila:
1174 1952 1317 1998 ornari,
1351 1965 1465 2001 neque
1495 1952 1606 2002 signa

868 2007 1024 2046 convelli
1038 2005 1247 2055 moverique
1260 2010 1478 2056 potuerunt.

921 2059 935 2082 ⁵
967 2061 1087 2098 Issam
1108 2059 1278 2098 insulam.
1336 2059 1379 2095 In
1396 2057 1464 2095 ora
1481 2058 1607 2109 lllyri-

868 2114 917 2159 ci,
945 2115 990 2151 de
1018 2113 1097 2163 qua
1119 2112 1280 2159 Plinius,
1310 2124 1377 2150 111.
1398 2110 1463 2151 26.
1518 2113 1606 2150 Issa

866 2168 1001 2206 civium
1019 2168 1281 2213 Romanorum,
1311 2172 1347 2203 et
1366 2179 1446 2204 cum
1471 2167 1604 2216 oppido

868 2222 1024 2259 Pharia.
1071 2220 1197 2258 Hodie
1216 2220 1434 2271 appellatur
1454 2219 1602 2258 Lesina.

918 2270 937 2292 ⁶
957 2274 1140 2313 Occisum.
1192 2274 1317 2313 Juxta
1338 2274 1516 2320 Dionem,
1533 2285 1606 2312 Lx.

867 2344 906 2380 p.
926 2327 1019 2372 674.
1061 2328 1334 2366 Scribonianus
1351 2327 1608 2365 voluntariam

867 2390 1027 2420 mortem
1075 2382 1249 2432 oppetiit,
1292 2379 1419 2424 ὅκέσιος
1452 2383 1605 2419 ἀοι-ἔθεινε.

869 2437 942 2475 Sed
976 2436 1102 2487 potior
1128 2435 1219 2473 fides
1253 2435 1429 2478 habenda
1457 2436 1606 2477 Tacito.

871 2491 972 2529 Hist.
991 2502 1040 2528 11.
1059 2493 1125 2533 75.
1144 2502 1232 2527 eum
1250 2489 1274 2526 a
1292 2489 1510 2540 Volaginio‚
1528 2501 1609 2539 gre-

869 2546 974 2595 gario
1018 2543 1152 2591 milite,
1196 2545 1369 2582 occisum
1414 2543 1607 2581 scribenti.

872 2599 1038 2650 Propter
1068 2598 1266 2636 adventum
1293 2597 1468 2647 Apostoli
1490 2595 1610 2646 ,Petri

872 2651 1039 2697 Romam,
1081 2657 1118 2689 et
1153 2658 1281 2689 tenera
1310 2650 1610 2689 Christianorum

868 2706 1052 2756 germina,
1079 2704 1142 2743 vix
1154 2705 1243 2743 ‘dum
1260 2705 1380 2742 adhuc
1401 2717 1529 2754 pauca
1559 2703 1610 2741 ad

868 2764 1008 2797 sanctae
1022 2759 1124 2808 fidei
1138 2758 1402 2809 prffessionem
1420 2770 1613 2808 erumpen-

870 2813 939 2859 tia,
967 2812 1062 2850 hanc
1079 2813 1300 2850 exorientem
1319 2812 1554 2862 tyrannidem
1572 2815 1611 2849 et

870 2879 1096 2917 consurgens
1115 2866 1220 2904 istud
1236 2865 1347 2904 civile
1373 2866 1505 2903 bellum
1532 2877 1609 2902 esse

869 2932 1112 2973 compressum
1128 2919 1324 2959 contendit
1341 2919 1427 2969 pius
1438 2918 1609 2963 Orosius,

870 2985 949 3012 v11.
967 2971 1006 3011 6.
1057 2973 1288 3012 Adventitiis
1306 2973 1385 3010 istis
1404 2979 1441 3009 et
1458 2971 1610 3011 incertis

1213 3043 1295 3083 2'B
