1768 3236
68 116 109 143 .0·

37 187 223 234 ‚Jc.46.
283 187 288 190 ·
471 186 620 228 mam
648 155 853 227 1214:li
879 185 1204 228 ANNALIUM.

1531 196 1609 236 431

60 316 97 358 “.
129 321 320 361 centum
340 309 471 360 annis
491 309 756 359 modicam·
775 309 1022 359 ¹insulam
1042 308 1143 357 auri
1165 306 1611 381 margaritarumque

60 393 97 423 ‘⁴²
130 388 433 478 grandiorum
446 387 762 448 fertiliorem,²
785 405 930 454 quam
952 387 1182 436 Indiamss'
1228 388 1512 436 Paululum
1499 389 1613 438 mvi-

58 465 186 517 diam
239 465 471 518 imminuit
525 466 743 515 vitiorum
798 465 1017 524 societas,
1039 475 1085 512 et
1131 465 1360 514 Romanae
1410 465 1611 516 luxuriae

59 543 415 594 commendatio.
447 599 453 608 ‚
484 545 764 593 Fatebantur
816 543 939 592 enim
985 542 1123 608 legati
1168 548 1201 570 “
1225 542 1308 591 sibi
1352 559 1519 591 aurum
1564 555 1609 592 et

59 621 104 650 “⁵
129 633 374 688 argentum
395 621 444 669 in
466 622 642 686 pretio:
661 624 674 649 ³
709 637 915 670 marmor
936 620 1174 669 testudinis
1195 620 1379 679 similest
1399 637 1608 686 gemmas

59 703 95 728 “
129 699 490 765 margaritasque
522 699 571 747 in
604 700 784 748 honore
819 700 968 747 multo
1007 697 1344 764 praestantiores
1382 697 1569 746 haberi:
1593 701 1606 727 ⁵

59 781 96 806 “
127 776 337 841 ipsorum
358 794 470 840 opes
493 778 688 842 majores
712 765 827 836 esse,
845 777 926 825 sed
948 777 1072 841 apud
1097 772 1335 823 Romanos
1357 775 1605 840 opulentiae

60 859 95 883 “
127 855 351 920 majorem
374 851 584 902 usum.’'⁶
873 856 876 869 '

125 1016 205 1057 35.
240 1010 418 1057 TALIA
456 1008 505 1056 in
543 1006 710 1067 insula,
744 1019 876 1056 extra
913 1009 1076 1056 orbem
1100 1005 1128 1054 ἒ,
1161 1005 1326 1056 natura
1363 1005 1602 1073 relegata,⁴⁷

35 1150 38 1151 ⁷
57 1085 193 1134 multi
215 1085 274 1135 eb
297 1086 442 1152 magis
465 1086 766 1145 mirabantur,
800 1085 931 1150 quod
954 1086 1012 1134 de
1035 1084 1223 1134 Seribus
1244 1085 1602 1151 prorsus-diver-

56 1179 107 1213 sa
129 1163 260 1228 prius
281 1161 470 1223 audita,⁸
502 1156 771 1212 certioribus
792 1162 961 1211 nuntiis
982 1174 1082 1210 tum
1106 1163 1298 1211 firmata.
1367 1163 1602 1210 Memora-

56 1241 135 1290 bat
174 1242 297 1290 enim
321 1241 499 1290 Rachia
538 1246 571 1269 “
595 1241 715 1291 ultra
737 1251 916 1288 montes
939 1239 1176 1288 Emodos⁹
1215 1240 1404 1298 Seras‚¹⁰
1436 1238 1600 1288 lanicio

865 1496 931 1537 dos
950 1497 1150 1549 interjecti,
1163 1511 1282 1550 supra
1296 1494 1442 1549 Gangis
1459 1498 1593 1537 fontes.

918 1551 951 1570 ¹⁰
979 1553 1106 1591 Seras.
1167 1554 1271 1592 Seres
1301 1553 1359 1590 illi
1396 1565 1470 1590 non
1506 1560 1594 1592 sunt

114 1484 127 1512 ⁸
158 1490 312 1533 Centum
330 1493 438 1534 annis
456 1486 647 1536 modicam.
692 1498 786 1537 Haec

33 1577 40 1582 .
58 1554 97 1586 et
114 1549 310 1599 sequentia
329 1550 492 1598 Plinius,
515 1551 608 1590 ibid.
664 1553 787 1590 Immo

2 1640 5 1643 ,
59 1603 254 1640 Diodorus
287 1604 457 1650 Siculus,
497 1616 546 1643 11.
578 1610 643 1649 57.
672 1607 789 1645 tradit

57 1669 120 1694 eos
139 1657 188 1694 ad
207 1664 360 1694 centum
377 1658 653 1710 quinquaginta
671 1673 788 1698 annos

56 1710 174 1749 vitam
195 1711 419 1761 producere.

111 1762 130 1780 ²
158 1764 407 1804 fertiliorem.
464 1765 624 1811 Plinius,
652 1766 745 1804 ibid.

110 1811 128 1838 ⁸
156 1819 206 1855 In
236 1819 374 1868 pretio.
429 1820 550 1870 quue
585 1832 787 1858 commune

56 1884 202 1922 semper
220 1873 292 1909 fuit
311 1872 476 1911 Orientis
494 1873 645 1910 vitium.

108 1923 127 1945 ⁴
147 1926 360 1964 Testudinis
377 1927 506 1965 simile.
552 1927 602 1964 Iis
622 1940 787 1966 marmor

55 1987 136 2016 etat
155 1975 416 2018 testudinacea
433 1981 626 2018 varietate.

108 2031 123 2053 ⁵
153 2033 314 2071 Haberi.
372 2036 454 2072 Nec
490 2035 653 2079 mi1·;un1
691 2047 782 2072 cum

54 2086 325 2137 Taprobanitae
360 2089 498 2138 opibus
532 2089 708 2133 valerent,
746 2097 784 2126 et

3 2172 10 2179 ,
55 2140 160 2179 Indis
193 2148 313 2180 essent
346 2142 484 2180 vicini:
529 2142 710 2192 praeterea
745 2151 782 2180 et

53 2194 124 2244 ipsi
140 2195 297 2245 gemmis
324 2203 362 2233 et
381 2197 592 2247 margaritis
610 2196 782 2234 abunda-

55 2249 158 2287 bant.
215 2249 315 2286 Vnde
335 2249 599 2294 Ptolemaeum,
628 2262 707 2287 vn.
724 2255 763 2288 4.

106 2298 124 2319 ⁶
151 2303 342 2353 IlIajorem
381 2317 498 2342 usum.
554 2304 589 2340 V
593 2304 655 2341 ere
700 2305 785 2354 qui·

53 2356 153 2402 dem,
180 2365 218 2394 et
237 2370 285 2393 ex
303 2356 460 2395 luxuria
477 2366 514 2397 et
533 2358 782 2396 ostentatione

52 2409 242 2448 Romana.

106 2461 123 2483 ⁷
150 2462 350 2514 Relegatd.
405 2464 506 2503 Plin.
525 2477 584 2502 v1.
603 2470 668 2504 2‘2.

106 2513 122 2536 ⁸
152 2517 269 2556 Prius
295 2518 438 2556 audita.
492 2520 594 2557 Ante
613 2518 711 2557 hanc
731 2518 783 2556 le-

50 2571 241 2621 gationem
258 2571 425 2610 Claudio
444 2572 608 2617 missam,
631 2573 713 2623 jam
734 2573 780 2610 de

51 2626 207 2663 Scribus
223 2626 424 2676 scripserat
441 2627 676 2676 Pomponius
696 2626 782 2663 Me-

50 2677 103 2724 la,
131 2691 199 2716 111.
217 2684 255 2722 7.
311 2679 419 2718 Seres
437 2680 638 2725 intersunt,
662 2693 781 2731 genus

43 2734 194 2784 plenum
227 2733 409 2784 justitias,
465 2747 509 2771 ea·
553 2733 780 2779 commercio,

49 2788 147 2837 quod
165 2787 273 2824 rebus
284 2787 322 2825 in
338 2787 539 2825 solitudine
556 2787 700 2826 relictis
718 2787 782 2824 abh

48 2853 132 2878 sens
144 2840 312 2891 peragit,
337 2840 580 2878 notissimum.

104 2892 122 2915 ⁹
150 2894 304 2932 Montes
330 2894 505 2933 Emodos.
561 2894 661 2932 Plin.
684 2894 778 2932 ibid.

50 2945 189 2986 Emodi
208 2954 354 2987 montes
370 2948 467 2986 inter
487 2948 648 2998 Scythas
662 2956 701 2987 et
719 2949 780 2987 In-

380 3027 499 3061 VOL.
524 3027 593 3060 1v.

812 2418 817 2421 '
862 2413 1126 2458 Marcellinus,
1175 2425 1309 2451 xxtn.
1360 2419 1421 2450 11.

862 1607 934 1658 ipsi
954 1607 1136 1654 Sinenses,
1166 1614 1210 1644 ut
1233 1606 1365 1644 multis
1391 1607 1593 1653 creditum,

862 1662 924 1699 sed
944 1674 1029 1712 pars
1048 1661 1294 1712 Scytharum,
1317 1660 1467 1699 Orienti
1486 1674 1595 1698 max-

862 1716 938 1753 ime,
961 1716 1130 1761 obversa,
1157 1721 1195 1752 et
1226 1727 1363 1765 magno
1391 1727 1502 1752 muro
1536 1714 1595 1752 Si-

861 1769 1045 1815 nensium,
1089 1768 1157 1818 qui
1185 1769 1268 1818 jam
1305 1775 1386 1806 tum
1421 1770 1593 1815 extabat,

862 1824 1000 1861 vicina.
1056 1823 1117 1859 De
1149 1822 1302 1859 Scribus
1340 1822 1500 1868 Plinius,
1530 1835 1593 1861 vl.

866 1881 929 1920 17.
974 1875 1095 1914 Primi
1112 1881 1199 1914 sunt
1217 1875 1411 1922 hominum,
1430 1877 1493 1926 qui
1509 1890 1594 1914 nos·
1644 1920 1647 1922 ,

861 1936 1009 1977 cantur,
1027 1929 1150 1976 Seres,
1167 1930 1303 1967 lanicio
1319 1930 1509 1980 sylvarum
1528 1943 1593 1968 no·

861 1985 963 2030 biles,
1001 1984 1192 2035 perfusam
1228 1982 1325 2033 aqud
1360 1985 1592 2033 depectentes

846 2037 1047 2089 frondium
1077 2037 1273 2075 canitiem:
1303 2037 1399 2074 unde
1423 2037 1591 2087 geminus

846 2091 1014 2143 foeminis
1047 2091 1185 2128 nostris
1216 2091 1320 2128 labor
1353 2090 1593 2130 redordiendi

845 2146 938 2194 fila,
993 2158 1212 2195 rursumque
1265 2143 1424 2183 texendi.
1499 2144 1591 2183 Tam

860 2198 1059 2250 multiplici
1103 2212 1223 2249 opere,
1269 2205 1343 2236 tam
1390 2198 1590 2249 longinquo

860 2254 947 2291 orbe
959 2251 1118 2303 petitur,
1143 2259 1185 2289 ut
1202 2252 1240 2289 in
1252 2251 1402 2301 publico
1420 2257 1592 2291 matrona

861 2307 1104 2345 transluceata
1159 2306 1221 2342 Dc
1256 2305 1409 2343 Seribus
1441 2318 1593 2345 eorum-

862 2373 936 2409 que
955 2359 1075 2397 serico
1095 2359 1208 2410 plura
1225 2359 1340 2396 habet
1357 2359 1590 2399 Ammianus

1479 2413 1589 2451 Seres

859 2480 1046 2505 armorum
1075 2480 1215 2517 semper
1234 2472 1270 2504 et
1295 2467 1509 2517 proeliorum
1531 2480 1590 2505 ex·-

855 2527 993 2570 pertes,
1023 2526 1136 2570 utque
1156 2521 1358 2558 hominibus
1385 2521 1525 2559 sedatis
1552 2527 1591 2559 et

854 2575 1015 2623 placidis
1035 2580 1089 2613 est
1108 2574 1221 2611 otium
1241 2575 1478 2624 voluptabile,
1496 2575 1591 2612 nulli

842 2628 1097 2677 finitimorum
1113 2628 1282 2666 molesti:
1316 2627 1396 2665 caeli
1413 2629 1513 2678 apud
1530 2642 1590 2666 eos

844 2682 1020 2732 jucunda
1031 2682 1262 2732 salubrisque
1275 2682 1480 2731 temperies,
1492 2682 1591 2720 aeris

844 2734 974 2787 facies
989 2737 1139 2781 munda,
1167 2735 1370 2786 leniumque
1396 2740 1591 2774 ventorum

858 2789 1163 2827 commodissimus
1189 2791 1330 2839 flatus,
1369 2795 1406 2826 et
1448 2789 1592 2826 abund&

855 2842 971 2894 sylvae
987 2843 1186 2881 sublucidae
1196 2858 1211 2886 ,·
1231 2843 1256 2880 a
1274 2843 1402 2892 quibus
1417 2844 1590 2880 arborum

822 2939 826 2945 Ι
843 2896 966 2947 ⁸fietus
976 2909 1155 2947 aquarum
1166 2896 1423 2948 asperginibus
1438 2896 1592 2940 crebris,

856 2950 959 2988 velut
996 2952 1161 3001 quaedam
1198 2950 1339 2988 vellera
1373 2950 1591 2995 mollit-nteit,

1167 3021 1198 3060 2
1223 3029 1267 3059 E·
