1812 3224
205 184 230 220 a
619 188 621 190 ·
671 179 719 217 C.
747 177 1016 220 CORNELII
1044 179 1230 222 TACITI

201 282 319 334 latos
363 283 508 343 sinus,
558 294 606 332 et
641 282 902 333 insularum
946 284 1172 336 immensa
1199 287 1380 353 'spatia‘¹
1427 283 1758 357 complectens,

200 379 352 428 nuper
397 361 593 429 cognitis
608 364 626 384 ²
671 363 950 428 quibusdam
1001 365 1233 431 gentibus,
1284 383 1338 417 ac
1388 368 1594 435 regibus,
1639 388 1762 437 quoe
1799 422 1804 427 ,

198 442 379 492 bellum
415 440 608 506 aperuit.
681 443 897 504 RhenuS‚
934 443 1221 494 Raeticarum
1260 445 1457 512 Alpium
1472 449 1486 476 ³
1522 447 1758 498 inaccesso

196 536 251 570 ac
290 519 514 585 praecipiti
558 520 730 570 vertice
769 534 918 583 ortuS,
951 522 1138 573 modico
1177 522 1323 585 flexu,
1356 523 1405 573 in
1445 525 1757 578 Occidentem

194 599 381 659 versus,
415 599 779 664 septemtrionali
804 602 998 649 Oceano
1021 600 1255 651 miscetur.
1323 603 1588 664 Danubius,
1622 602 1756 654 molli

194 686 250 726 et
281 676 536 726 clementer
571 677 696 726 edito
735 679 906 728 montis
939 681 1192 729 Abnobae*
1210 682 1338 787 sjugo
1375 680 1566 742 effusus,
1599 682 1762 747 plures

194 755 396 823 populos
417 755 529 815 adit,
552 756 738 806 donec
725 773 774 805 m
795 758 1043 808 Ponticum
1066 761 1226 807 mare⁵
1247 777 1332 808 sex
1356 760 1581 810 meatibus
1602 776 1758 810 erum-

192 845 302 900 pat:
337 833 587 901 septimum
609 834 735 886 enim
756 853 810 886 os
831 836 1078 903 paludibus
1099 836 1324 888 hauritur.

248 1083 261 1101 ¹
292 1082 479 1123 Immensa
504 1083 644 1134 spatia.
700 1077 943 1135 Incomperta

191 1137 376 1176 Romanis
393 1138 467 1177 hac
486 1144 672 1176 terrarum
690 1149 811 1189 parte.
824 1139 942 1177 Scan-

191 1191 709 1239 dinaviam,Scandinavia‚et
722 1193 938 1244 Eningiam,
961 1206 963 1209 ’

189 1247 368 1293 Finland,
395 1246 538 1284 insulas
571 1259 650 1284 esse
677 1245 773 1285 falso
810 1247 941 1286 existi-

188 1303 364 1346 mabant,
413 1306 458 1338 ut
491 1299 748 1352 opportunius
789 1301 939 1342 dicetur

185 1356 286 1397 infra
303 1368 392 1406 cap.
410 1359 478 1394 44.

193 1452 195 1454 ,
241 1407 261 1427 ²
290 1410 428 1461 Nuper
458 1409 633 1462 cognitis.
689 1410 792 1449 Vere
819 1424 938 1474 nuper

181 1462 363 1517 cognitis.
420 1464 570 1503 Locum
593 1464 698 1502 hunc
719 1461 865 1516 egregie
893 1465 942 1504 il-

183 1519 325 1559 lustrat
360 1517 506 1557 Plautii
541 1518 683 1557 AEliani
712 1532 937 1558 monumen-

185 1580 284 1620 tum,
313 1574 419 1625 quod
447 1573 550 1611 edidi
578 1586 695 1624 supra
714 1574 786 1612 vol.
808 1586 876 1612 111.
895 1588 934 1626 p.

184 1632 279 1667 512.
296 1627 335 1666 in
353 1634 434 1667 not.
455 1633 493 1665 et
517 1628 665 1666 emend.
683 1629 732 1666 ad
753 1629 856 1667 Hist.
875 1641 935 1667 1v.

182 1686 251 1721 53.
299 1683 358 1720 Ibi
379 1689 614 1721 memoratur
634 1683 824 1732 Plautius,
848 1696 936 1734 pro—

181 1742 325 1789 praetor
360 1736 521 1784 Moesiae,
568 1737 635 1787 qui
673 1735 786 1788 plura
824 1739 934 1789 qucim

182 1798 330 1830 centum
360 1790 480 1829 millia
504 1804 548 1829 ex
571 1804 721 1829 numero
743 1792 933 1831 Transda-

178 1846 427 1885 mubianorum
454 1845 505 1883 acl
534 1846 754 1895 praestanda
787 1847 934 1885 tributa

181 1913 265 1939 cum
291 1897 513 1952 conjugibus
530 1912 574 1937 ac
593 1900 720 1939 liberis
738 1907 776 1939 et
790 1901 934 1951 princi·-

174 1954 287 2005 pibus
312 1960 379 1993 aut
405 1953 554 2005 regibus
580 1954 658 1992 suis
689 1956 906 1994 transduxit
918 1972 933 2001 ;

166 2015 319 2058 *motum
347 2008 525 2047 orientem
545 2006 810 2048 Sarmatarum
839 2023 935 2048 com-

173 2063 347 2117 pressit;
377 2063 526 2115 ignotos
558 2062 646 2100 ante
675 2069 743 2102 aut
771 2064 935 2115 infensos

174 2118 317 2168 populo
333 2117 501 2155 Romano
517 2130 624 2169 reges
638 2117 748 2169 signa
763 2118 933 2158 Romana

179 2172 408 2210 adoraturos
426 2172 465 2210 in
485 2170 606 2221 ripam
625 2186 733 2223 quum
758 2173 933 2212 tuebatur

173 2226 383 2276 perduxit;
413 2226 565 2277 regibus
589 2226 865 2266 Bastarnarum
895 2233 933 2267 et

178 2279 613 2330 Rhoxolanorumfilios,
633 2282 785 2331 regibus
804 2281 933 2320 Daco-

178 2347 263 2372 rum
293 2334 451 2386 fratres
490 2340 619 2385 captos
654 2341 723 2373 aut
767 2335 931 2375 hostibus

179 2394 327 2439 ereptos
345 2388 490 2427 remisit
500 2403 516 2432 ;
536 2388 583 2426 ab
596 2389 792 2441 aliquibus
803 2403 929 2429 eorum

176 2441 322 2482 obsides
341 2442 499 2493 accepit,
511 2455 581 2493 per
597 2457 683 2494 quae
697 2457 826 2494 pacem
840 2458 931 2495 pro-

174 2496 310 2536 vincia:
346 2502 383 2534 et
420 2497 657 2546 confirmavit
685 2495 723 2536 e't
748 2498 930 2547 protulit.

179 2551 293 2588 Adde
312 2551 527 2590 Domitiani
553 2551 666 2599 bella,
693 2552 835 2603 quibus
854 2552 929 2590 for-

177 2603 216 2645 ιὲ
233 2618 336 2655 reges
353 2604 504 2655 aliquot
520 2604 732 2645 innotuere.

230 2655 248 2679 ³
263 2659 495 2698 Raetz'carum
513 2658 682 2710 Alpium.
721 2659 842 2698 Nunc
861 2659 926 2698 the

174 2713 388 2752 mountains
414 2713 464 2764 of
482 2713 545 2751 tlte
577 2713 752 2753 Grisons.
808 2715 924 2752 Mons

173 2767 278 2814 vero,
307 2769 422 2817 cujus
441 2767 581 2806 vertice
600 2768 756 2806 Rhenus
785 2767 924 2814 oritur,

175 2821 290 2860 hodie
309 2821 455 2860 dicitur
475 2821 514 2859 V
508 2821 700 2873 ogelberg.
740 2822 842 2860 Vide
860 2822 922 2860 Cl.

175 2874 344 2923 Mai-sili,
375 2874 576 2914 Danubius
597 2875 924 2927 Pannonico-lily-

173 2931 285 2977 sicus,
304 2931 379 2970 vol.
398 2940 459 2968 vx.
480 2929 603 2968 tabul.
619 2934 660 2969 4.
712 2929 921 2976 Quomodo

176 2984 333 3025 Rhenus
375 2985 418 3024 in
462 2983 665 3024 Oceanum
706 2985 924 3025 effundatur

1009 1085 1159 1124 dictum
1179 1090 1237 1124 est
1251 1096 1368 1136 supra
1385 1082 1527 1124 Annal.
1540 1097 1590 1124 11.
1609 1083 1649 1124 6.

1061 1137 1080 1159 ⁴
1118 1139 1268 1178 Illontz's
1303 1139 1478 1178 Abnobae.
1536 1139 1652 1177 Mons
1689 1138 1758 1178 ine

1008 1194 1210 1232 Germanis
1240 1206 1345 1232 nunc
1377 1194 1522 1232 dicitur
1546 1193 1758 1234 Schwartz·-

1008 1248 1117 1286 wald.
1173 1245 1268 1295 Hic,
1286 1248 1354 1286 diu
1374 1248 1600 1298 ignoratam,
1618 1248 1755 1286 Danu-

1007 1302 1060 1340 bii
1078 1302 1259 1354 originem
1274 1301 1437 1340 feliciter
1452 1302 1601 1341 detexit
1614 1301 1757 1342 illustr.

1007 1357 1145 1395 Comes
1164 1356 1331 1404 Marsili,
1357 1369 1458 1394 anno
1480 1360 1598 1401 1702.
1652 1356 1756 1394 Vide

1004 1411 1202 1449 eruditum
1219 1411 1302 1461 ejus
1318 1424 1416 1463 opus
1428 1411 1513 1461 jam
1536 1411 1756 1458 laudatum,

1004 1464 1080 1504 vol.
1101 1477 1161 1504 vl.
1178 1478 1217 1516 p.
1235 1470 1274 1504 4.
1314 1465 1490 1504 Danubii
1507 1466 1614 1517 origo
1631 1463 1755 1503 aDo-
1781 1473 1790 1479 ’

1005 1520 1227 1571 neschingen
1244 1532 1440 1571 perperam
1456 1520 1570 1558 antea
1585 1520 1756 1566 duceba-

1004 1579 1082 1612 tur.
1138 1574 1430 1624 Agafflemerus,
1457 1586 1507 1612 11.
1534 1579 1573 1612 4.
1592 1575 1648 1621 ait
1672 1574 1756 1622 Da·

1004 1628 1167 1666 nubium
1193 1629 1216 1666 ὲ
1239 1629 1318 1667 suis
1347 1628 1515 1666 fontibus
1540 1629 1589 1666 ad
1607 1619 1757 1666 Vindo-

1006 1683 1157 1729 bonam,
1183 1683 1338 1728 Vienna,
1366 1682 1471 1729 dici;
1501 1684 1642 1721 istrum
1662 1682 1755 1722 vero
1787 1712 1795 1720 .

1003 1735 1027 1774 a
1048 1737 1281 1777 Vindobona
1298 1737 1348 1775 ad
1368 1738 1534 1775 Pontum
1550 1737 1753 1776 Euxinum

1003 1791 1202 1842 appellari.
1242 1793 1297 1830 At
1315 1791 1476 1837 Plinius,
1493 1804 1553 1830 1v.
1576 1796 1638 1835 12.
1657 1798 1752 1831 sect.

1004 1850 1070 1884 24.
1099 1846 1196 1884 unde
1220 1846 1383 1896 primum
1411 1845 1612 1897 Illyricum
1639 1845 1755 1884 alluit

1004 1901 1146 1938 Istrum
1164 1901 1289 1938 vocari
1311 1899 1455 1939 scribit.

1059 1950 1074 1974 ⁵
1095 1954 1147 1992 In
1164 1954 1494 1995 Ponticummare.
1543 1953 1640 1992 Rem
1660 1952 1754 1997 hac-

1005 2014 1115 2047 tenus
1160 2008 1374 2047 inauditam
1418 2007 1591 2060 prodidit
1633 2007 1752 2046 literis

1007 2061 1341 2114 Constantinopoli
1358 2062 1510 2114 scriptis
1527 2074 1629 2100 anno
1648 2064 1751 2106 1713
1806 2061 1811 2068 “

1007 2130 1107 2156 unus
1135 2116 1157 2155 ὲ
1186 2116 1437 2156 Missionariis
1465 2116 1667 2155 Societatis
1691 2116 1758 2160 J&

1005 2184 1074 2209 su:
1117 2170 1266 2211 seilicet
1297 2172 1440 2209 fluenta
1477 2170 1651 2210 Danubii
1684 2182 1755 2221 per

1006 2238 1110 2264 mare
1128 2226 1333 2264 Ponticum
1355 2225 1404 2263 ad
1425 2225 1754 2264 Mediterraneum

1004 2292 1140 2331 usque,
1165 2280 1321 2331 proprio
1340 2279 1468 2318 colore
1486 2278 1679 2326 distincta,
1693 2277 1754 2318 ita.

1003 2334 1164 2381 devolvi,
1192 2343 1238 2373 ut
1269 2347 1381 2373 naves
1407 2347 1456 2372 ex
1487 2332 1607 2384 AEgeo
1641 2333 1754 2380 mari.

1002 2388 1043 2426 in
1071 2388 1356 2441 Propontidem,
1382 2387 1455 2426 nisi
1490 2387 1648 2426 adverso
1680 2387 1753 2426 flu-

1003 2441 1115 2480 minis
1134 2443 1294 2495 impetu,
1308 2455 1385 2482 sese
1402 2441 1517 2493 pleno
1534 2442 1644 2481 alveo
1660 2453 1753 2480 exo·

1001 2497 1182 2545 nerands,
1221 2497 1462 2541 transfretare
1489 2508 1567 2534 non
1596 2495 1754 2548 possint.

1004 2551 1095 2589 Hoc
1115 2564 1182 2589 nos
1199 2552 1334 2590 docuit
1347 2551 1409 2590 Cl.
1425 2550 1652 2588 Homannus
1666 2549 1751 2590 Do-

1001 2605 1105 2643 nubii
1124 2604 1271 2644 Tabula
1287 2602 1501 2645 novissima.
1556 2604 1750 2650 Quaedun

1002 2664 1142 2706 tamen,
1169 2660 1275 2699 haud
1293 2657 1496 2704 absimilia,
1518 2658 1602 2708 jam
1621 2657 1751 2709 prodi·

1002 2714 1110 2752 derat
1129 2714 1288 2761 Plinius,
1319 2727 1378 2752 IV.
1403 2716 1464 2752 12.
1482 2719 1575 2751 sect.
1594 2716 1661 2752 24.
1674 2711 1752 2750 ein-

995 2768 1103 2819 gula,
1131 2767 1274 2820 inquit,
1300 2769 1386 2811 Istri
1416 2779 1485 2805 oro
1514 2771 1623 2805 tanta
1647 2771 1751 2813 sunt,

996 2827 1041 2860 ut
1064 2823 1255 2874 prodatur
1278 2823 1318 2861 in
1346 2820 1601 2882 quadraginta
1630 2819 1751 2859 millia

991 2889 1168 2926 passuum
1209 2876 1455 2929 longitudinis
1498 2874 1599 2916 vinci
1633 2886 1752 2922 mare,

997 2930 1210 2983 dulcemque
1229 2931 1394 2983 intelligi
1411 2930 1596 2970 haustum
