1768 3236
455 193 740 238 DIALOGUS
769 194 846 233 DE
874 193 1240 234 ORATORIBUS.
1541 196 1618 243 197

134 302 197 354 X.
231 305 470 361 ἙΑτΕοιι,
491 300 642 366 inquit
667 300 940 357 Maternus,
963 314 1042 345 me
1062 297 1368 362 irrepentibus
1383 296 1618 349 vin-forum

66 382 186 432 vitiis
206 383 334 431 haud
356 379 650 429 mediocriter
670 377 812 426 fuisse
829 387 1136 425 commotum.
1186 376 1342 441 Magis
1363 378 1520 438 adlini:
1532 381 1618 427 anie

67 459 362 519 offendebat;
400 458 531 523 quod
553 457 603 504 in
625 456 731 504 dies¹
751 454 1050 502 invalesceret
1070 452 1209 501 ferox
1237 454 1406 514 scelus,
1431 456 1618 520 puilefiss

67 540 184 587 dum
206 539 322 586 cum
345 535 690 594 defenderetur,
724 532 954 581 exitiabile
984 532 1022 580 si
1050 530 1418 597 impugnaretur.
1483 534 1619 584 Non-

68 615 186 663 dum
207 627 362 664 tamen
380 613 598 662 a'forensi
620 612 772 661 studio
789 610 981 659 fuissem
1002 621 1244 669 retractus,
1256 609 1309 657 ni
1330 610 1618 675 imperiosior

67 705 232 741 natura
254 710 329 740 me
352 691 502 740 Musis
524 690 794 738 devovisset.
865 690 1062 738 Certum
1087 688 1210 736 enim
1238 705 1289 736 ac
1313 689 1618 740 deliberatum

64 771 183 818 mihi
205 781 319 829 erat,
343 769 470 834 quod
491 768 539 816 in
561 767 667 816 foro
689 766 1025 815 nobilissimum
1048 778 1094 814 et
1114 766 1619 830 incorruptu‘msu'per-

66 859 168 896 erat
199 847 348 912 sequi,
393 858 605 895 veterum
643 855 898 893 oratorum.
927 843 1142 907 exempla
1184 859 1281 891 non
1319 843 1485 892 eadem
1523 845 1619 893 elo·

67 926 271 991 quentiae
292 925 355 984 vi,
378 940 519 990 quam
540 934 698 972 nostra
718 939 816 971 non
834 921 995 970 ferunt
1016 933 1245 984 tempora,
1268 922 1355 970 sed
1381 921 1620 985 panacen-

65 1003 232 1053 stantia
254 1002 481 1062 aemulari,
514 1019 600 1066 pro
619 1001 742 1051 virili
764 1011 893 1065 parte
926 1000 1152 1047 adversus
1186 999 1472 1063 imminentia
1498 1001 1618 1048 mala

68 1096 147 1130 me
166 1082 425 1147 accingere,
447 1092 494 1129 et
511 1080 682 1128 civium
703 1078 930 1138 fortunas,
955 1075 1242 1143 dignitatem,
1260 1077 1458 1126 salutem
1481 1078 1617 1126 tueri.

67 1163 155 1219 At,
188 1171 242 1208 ut-
271 1159 414 1208 modo
439 1159 570 1218 dixi,¹
604 1170 783 1207 naturae
816 1157 907 1205 alio
939 1156 1139 1205 trahenti
1173 1173 1335 1220 parere
1352 1157 1526 1222 jussus,
1558 1157 1619 1205 ad

67 1237 385 1303 tranquilliora
398 1249 444 1286 et
464 1236 698 1287 securiora
714 1237 962 1284 Musarum
985 1246 1132 1283 castra
1147 1231 1389 1300 transfugi.
1441 1234 1620 1283 Animo

70 1326 234 1365 tamen
249 1317 396 1366 haeret
416 1330 602 1381 semper
624 1313 714 1362 fori
734 1329 871 1363 amor
887 1324 933 1362 et
954 1329 1082 1362 cura.

90 1481 94 1484 ’
137 1473 221 1521 ΧΙ.
257 1475 405 1522 SAE'PE
448 1472 602 1533 etiarn,
642 1473 757 1522 cum
798 1470 1156 1519 meditabundus
1199 1467 1418 1533 solusque
1462 1467 1622 1515 obam-

69 1550 203 1610 bulo,
236 1551 285 1599 in
306 1549 512 1600 forenses
546 1552 764 1600 revolvor
797 1549 1113 1616 cogitationes,
1143 1563 1426 1610 mecumque
1453 1557 1622 1610 reputo

69 1628 238 1676 veteris
259 1629 534 1694 eloquentiae
557 1646 734 1689 casum,
767 1628 925 1677 diserti
954 1625 1100 1676 nostri
1129 1624 1354 1674 sermonis
1377 1624 1618 1689 originem,

67 1705 309 1771 utriusque
341 1724 499 1755 causas
531 1718 578 1755 et
612 1707 839 1756 utilitates.
932 1705 1061 1768 Quid
1107 1703 1196 1751 hac
1241 1719 1382 1767 super
1415 1718 1467 1749 re
1502 1699 1617 1748 mihi

68 1783 221 1831 visum
241 1785 502 1848 explicabo,
524 1801 621 1833 non
643 1785 986 1834 contradicendi
1009 1781 1179 1841 studio,
1210 1797 1363 1846 neque
1385 1791 1438 1827 ut
1459 1795 1622 1829 sensus

70 1877 203 1909 meos
236 1863 567 1926 persuadeam3
604 1865 685 1911 sed
721 1875 772 1911 ut
805 1863 852 1910 in
875 1853 964 1909 hac
987 1858 1292 1925 disputatione
1322 1869 1474 1945 partes
1496 1873 1623 1904 meas

71 1918 307 2003 impleam,
329 1941 588 2006 nostrisque
610 1941 683 1989 vel
708 1940 996 1999 discordibus
1018 1936 1251 1986 sententiis
1278 1936 1424 2000 magis
1446 1935 1621 1982 eluces-

72 2027 145 2066 cat
177 2018 356 2066 veritas.
425 2019 638 2084 Ignoscat
660 2019 814 2084 itaque
837 2020 986 2081 Aper,
1024 2015 1061 2063 si
1084 2007 1222 2079 hujus
1243 2012 1464 2077 temporis
1492 2011 1623 2076 inge-

73 2094 150 2143 nia
178 2097 408 2160 majorum
443 2096 636 2161 ingeniis
669 2113 765 2143 non
798 2093 1069 2151 anteferam,
1106 2090 1214 2139 licet
1243 2101 1400 2138 nostra
1429 2087 1619 2137 minime

74 2172 345 2236 deprimam.
430 2175 508 2222 Ne
551 2184 818 2222 succenseat
859 2171 1076 2229 Messala,
1133 2184 1275 2233 quem
1318 2179 1371 2214 tu
1415 2183 1621 2232 quoque,

74 2251 308 2310 Secunde,
344 2251 599 2300 adsectatus
621 2269 683 2300 es.
754 2250 876 2299 Vitia
899 2263 1004 2314 quae
1027 2244 1270 2304 acerrime,
1308 2256 1360 2292 ut
1382 2243 1621 2310 integerri-

76 2343 180 2375 mos
201 2329 393 2377 decebat
414 2329 555 2389 viros,
577 2329 858 2395 exagitastis,
881 2344 970 2393 ego
994 2323 1277 2391 pariterodi.
1347 2324 1446 2370 Vos
1466 2333 1623 2370 tamen

74 2404 338 2455 rhetoribus
360 2407 486 2455 haud
508 2408 570 2455 ita
591 2407 794 2456 infensos
816 2406 1081 2462 voluissem,
1112 2418 1209 2450 non
1231 2399 1364 2466 quod
1386 2416 1466 2447 eos
1487 2415 1623 2446 reno-

75 2483 239 2532 vandae
284 2484 560 2548 eloquentiae
607 2486 782 2533 habiles
826 2482 1102 2539 existimem,
1148 2480 1230 2527 sed
1274 2478 1407 2543 quod
1450 2477 1624 2524 multos

26 2616 28 2621 ,
75 2560 288 2607 noverim
310 2578 496 2611 morum
519 2562 794 2628 integritate,
828 2560 1066 2609 severitate
1088 2556 1356 2620 disciplinae,
1386 2554 1624 2602 literarum

79 2636 208 2684 cultu
252 2636 510 2688 formandae
542 2640 772 2705 juventuti
817 2638 1093 2687 utilissimos.
1179 2637 1283 2686 Hos
1321 2632 1459 2681 etiam
1502 2631 1625 2701 inter

80 2730 201 2762 unus
223 2715 424 2765 eminere
447 2717 625 2781 coepit,²
647 2717 727 2784 qui
751 2727 978 2783 quantum
1001 2714 1090 2765 hac
1113 2712 1162 2761 in
1183 2729 1235 2760 re
1258 2709 1479 2778 consequi
1500 2707 1624 2756 valet

137 2912 150 2931 ¹
191 2915 248 2952 Ue
278 2915 384 2954 moab
417 2916 506 2956 dixi.
564 2918 666 2957 Vide
699 2923 851 3009 supral
941 2914 961 2934 ²
992 2916 1099 2954 Unus
1117 2913 1273 2952 eminere
1291 2909 1410 2960 caepit.
1466 2905 1625 2952 Quinti-

81 2978 168 3019 caP·
190 2981 236 3006 XI
253 2976 290 3009 et
310 2981 392 3012 xxx.
887 2970 1012 3009 lianus
1028 2978 1112 3009 tum
1131 2969 1262 3007 Romae
1274 2963 1524 3016 profitebatur
1538 2959 1623 2999 rhe-
