1768 3236
195 201 245 242 72
681 193 727 231 C.
756 191 1023 230 CORNELII
1049 190 1235 229 TACITI

195 296 429 356 tionibus‚¹
461 311 557 344 non
589 294 797 360 precario
828 296 934 361 jure
968 293 1188 359 parendi:
1223 309 1326 343 nec‘
1344 309 1492 355 arma,
1524 298 1579 347 ut
1613 298 1739 362 apud

197 387 375 424 ceteros
399 373 679 433 Germanos,
700 373 748 421 in
771 373 1055 437 promiscue,
1077 372 1159 420 sed
1181 371 1335 421 clausa
1349 374 1439 422 sub
1460 373 1747 435 custode,³-·e't

197 451 386 518 quidem
425 469 558 501 servo
575 456 621 500 :⁴2
668 451 775 517 quia
814 452 988 499 subitos
1030 451 1233 499 hostium
1275 451 1487 501 incursus
1523 451 1745 518 prohibet-

199 533 429 580 Oceanus.
502 531 696 579 Otiosae
723 531 866 594 porro
907 541 1192 578 armatorum
1230 546 1393 580 manus
1430 530 1566 580 facile
1598 530 1751 582 lasci?

196 609 354 658 vlunt.
398 609 652 658 enimvero
698 624 851 697 neque
895 609 1118 687 nobilem,
1162 626 1316 698 neque
1358 609 1634 676 ingenuum,
1674 607 1743 660 'ne

197 687 462 736 libertinum
485 687 673 752 quidem
695 687 832 736 armis
854 685 1127 753 praeponere
1149 687 1276 754 regia
1298 687 1467 736 utilitas
1485 698 1568 737 est.
1646 721 1649 725 -
1671 683 1744 728 Ῥἰῖ

264 851 343 891 45.
379 845 566 891 TRANs
587 842 781 892 Suionas
797 843 921 890 aliud
943 860 1070 891 mare
1085 845 1098 871 ³
1117 843 1322 910 pigrum,
1340 860 1392 892 ac
1410 860 1556 908 prope
1572 842 1738 893 immo-

195 932 314 980 tum,
338 938 431 985 quo
455 920 577 986 cingi
600 921 816 986 cludique
839 932 1067 969 terrarum
1089 923 1252 970 orbem
1269 922 1376 970 hinc
1399 922 1537 970 fides·
1553 924 1573 951 ⁴
1604 921 1739 987 qubd

195 1010 432 1047 extremus
466 999 667 1046 cadentis
697 1000 794 1063 jam
830 999 949 1047 Solis
983 998 1188 1065 fulgor
1176 1016 1224 1046 m
1246 1010 1376 1048 ortus
1399 1000 1579 1058 edurat,
1615 998 1736 1048 adeo

196 1077 364 1136 clarus,
410 1088 462 1124 ut
507 1076 655 1124 sidera
698 1076 896 1124 hebetet.
967 1078 1146 1126 Sonum
1190 1077 1378 1141 insuper
1429 1075 1738 1142 emergentis‘

196 1151 379 1213 audiri‚⁶
412 1153 677 1218 formasque
716 1155 968 1214 Deorum‚⁷
1005 1166 1051 1203 et
1086 1155 1238 1204 radios
1272 1153 1429 1220 capitis
1464 1153 1602 1220 aspici
1632 1169 1738 1219 per-

121 1254 123 1257 ·
196 1233 344 1281 suasio
368 1232 532 1298 adjicit.

250 1415 263 1433 ¹
315 1417 613 1466 Exceptiom'bus.
661 1417 720 1456 Ibi
754 1431 930 1468 suprema

196 1483 327 1521 regum
385 1478 567 1522 potestas:
615 1470 732 1508 nullae
789 1472 929 1522 legum,

195 1525 314 1562 nullae
332 1525 517 1562 libertatis
533 1524 789 1575 exceptiones.
819 1527 929 1565 Unde

198 1578 260 1616 Cl.
282 1582 436 1629 Spener,
456 1578 613 1616 Notitia
636 1578 848 1618 Germanice
865 1595 930 1619 an-

196 1632 320 1683 tiquoe‚
341 1646 381 1670 v.
397 1637 435 1676 7.
455 1647 492 1683 p.
510 1636 597 1676 177.
616 1633 718 1671 recte
736 1635 930 1673 existimat

197 1690 299 1736 apud
334 1687 495 1725 Suionas
514 1687 812 1738 regnumfuisse
832 1692 929 1740 jure

198 1740 437 1788 hereditario,
456 1753 528 1777 non
546 1740 632 1777 vero
647 1741 778 1779 datum
793 1743 927 1794 populi

196 1794 395 1833 electione.
452 1794 555 1832 Nam
573 1797 645 1845 jus
666 1797 827 1844 parendi
843 1811 930 1847 pre-

197 1849 337 1886 carium
357 1850 420 1887 vix
438 1862 510 1887 non
535 1861 676 1899 semper
694 1850 794 1901 regis
812 1851 932 1902 sequi—

196 1908 262 1940 tur
274 1904 499 1941 electionem.

249 1952 268 1971 ²
295 1956 427 1995 Servo.
457 1956 515 1993 Ibi
551 1956 651 2005 enim
680 1956 774 1994 servi
812 1970 930 2008 supra

195 2011 390 2060 ingenuos,
425 2024 542 2061 supra
574 2011 718 2048 nobiles
754 2012 931 2049 ascende-

196 2065 300 2102 bant.
356 2066 456 2102 Vide
475 2078 590 2116 supra
608 2078 694 2115 ca..p
716 2067 779 2103 25.

249 2114 266 2137 ⁸
295 2119 415 2157 Aliud
431 2132 545 2157 mare.
575 2119 690 2164 Quod
707 2118 821 2169 vulgo
836 2119 931 2157 dici-

195 2185 282 2211 mus
320 2173 381 2210 the
416 2173 514 2211 Proz
517 2186 559 2210 en
597 2173 733 2210 Oceon.
791 2174 931 2211 Praeter

195 2226 312 2276 quam
330 2226 436 2276 quod
463 2227 629 2264 Borealis
647 2239 732 2277 pars
749 2227 929 2277 sinusque

195 2281 310 2317 maris
338 2280 503 2325 Suvvici,
529 2281 590 2318 tlte
617 2281 817 2319 Northern
837 2286 928 2331 part

195 2333 244 2384 of
254 2333 315 2371 the
337 2335 463 2372 Baltic
482 2333 567 2379 Sea,
586 2335 661 2372 and
684 2335 746 2372 tlte
764 2334 870 2386 guffs
888 2335 937 2386 of

196 2387 361 2426 Bothm'a
394 2389 470 2425 and
505 2388 681 2434 Finl'and,
726 2389 928 2438 quotannis

195 2442 330 2492 frigore
347 2449 384 2479 et
402 2442 523 2491 glacie
541 2442 595 2479 ita
614 2435 770 2493 rigeant,
789 2448 832 2480 ut
849 2442 927 2480 sine

193 2495 373 2532 maximis
397 2495 704 2538 difficultatibus,
734 2502 825 2534 teste
843 2509 928 2534 eru-

194 2549 274 2587 dito
295 2548 534 2595 Rudbbckio,
551 2549 762 2596 Atlantica,
780 2564 818 2601 p.
833 2554 927 2588 323.

193 2604 353 2642 navibus
387 2603 482 2640 adiri
519 2615 595 2640 non
631 2604 795 2653 possint;
840 2603 927 2641 Sui-

193 2658 345 2702 onibus,
390 2657 458 2707 qui
505 2656 690 2694 classibus
736 2658 925 2704 valebant,

194 2715 431 2762 compertum
452 2719 606 2760 quoque
625 2710 818 2749 fuitmare
848 2711 929 2761 gla-

195 2763 306 2811 ciale,
350 2764 468 2814 quod‚
516 2763 618 2801 ultra
660 2765 822 2815 gradum
862 2769 925 2802 81.

194 2815 323 2857 aestate
341 2817 400 2855 vel
420 2817 566 2869 hyeme,
586 2817 712 2855 nullas
730 2831 842 2856 naves
861 2818 927 2855 ad-

195 2871 324 2925 mittit.
396 2872 496 2909 Vide
531 2871 708 2908 eumdem
750 2872 928 2910 Rudbec·

196 2927 317 2971 kium,
335 2925 410 2964 loc.
430 2925 496 2963 cit.
516 2938 555 2975 p.
577 2928 670 2969 359.

247 2979 267 3000 ⁴
294 2979 398 3018 Hinc
413 2980 531 3030 fides.
581 2979 720 3017 Parum
755 2977 927 3030 apposite

601 1233 718 1280 Illuc
742 1250 889 1298 usque
925 1236 995 1299 (et
1017 1232 1140 1282 fama
1161 1232 1294 1296 vera)
1329 1232 1516 1281 tantum
1536 1226 1736 1281 natura.⁸¹

1001 1419 1050 1456 ad
1077 1419 1350 1457 astronomicas
1379 1417 1556 1456 rationes.
1611 1417 1657 1455 In
1674 1416 1735 1455 his

1001 1473 1100 1511 enim
1144 1480 1328 1511 terrarum
1374 1472 1513 1509 finibus
1541 1475 1736 1525 extremus

1001 1528 1169 1566 cadentis
1199 1527 1297 1565 Solis
1325 1525 1451 1576 fulgor
1474 1537 1595 1576 usque
1618 1525 1659 1562 in
1675 1537 1737 1563 or-

1002 1588 1074 1627 tus,
1090 1581 1149 1619 vel
1167 1582 1205 1618 in
1220 1589 1362 1627 ortum,
1375 1581 1524 1626 edurat,
1537 1591 1613 1617 uon
1627 1577 1738 1630 quod

1001 1635 1054 1672 ibi
1073 1637 1122 1673 sit
1146 1642 1296 1675 ,naturae
1317 1634 1511 1680 terminus,
1540 1633 1603 1671 sed
1628 1631 1735 1683 qued

1003 1696 1108 1727 terrae
1127 1689 1179 1727 ibi
1203 1689 1476 1740 protendantur
1493 1687 1540 1725 ad
1571 1686 1733 1737 gradum

1003 1749 1025 1787 7
1031 1748 1068 1782 2.
1094 1757 1139 1782 ac
1158 1743 1315 1794 proinde
1335 1741 1437 1780 ultra
1455 1740 1648 1791 circulum
1665 1752 1735 1791 po·

1001 1797 1118 1835 larem
1139 1797 1357 1843 Arcticum‚
1374 1797 1446 1834 sub
1463 1807 1556 1845 que,
1571 1795 1608 1832 vi
1627 1794 1736 1833 Sola.-
1755 1792 1759 1803 ”

1002 1852 1051 1888 ris
1082 1851 1228 1898 cursus,
1263 1850 1393 1901 viginti
1424 1856 1591 1901 quatuor
1623 1849 1735 1887 horas

1002 1905 1174 1944 lucescit.
1225 1903 1312 1943 Hac
1332 1905 1378 1942 de
1395 1917 1434 1942 re
1449 1904 1478 1941 si
1498 1903 1612 1954 plura.
1627 1901 1737 1941 volu-

1001 1960 1085 2007 eris,
1096 1960 1181 1997 vide
1191 1959 1386 1997 eruditum
1398 1957 1624 2004 Varenium‚
1636 1955 1736 1995 Geo-

998 2014 1160 2065 graphia
1174 2011 1374 2065 generalis,
1395 2024 1445 2050 11.
1463 2014 1529 2050 25.

1055 2066 1070 2088 ⁵
1100 2067 1350 2118 Emergentis.
1396 2065 1542 2103 Melius
1587 2064 1734 2106 immen-

998 2122 1136 2172 gentis,
1172 2121 1230 2159 vel
1265 2134 1304 2158 se
1347 2118 1567 2171 mergentis.
1631 2117 1735 2156 Vide

1002 2183 1079 2213 not.
1099 2181 1136 2213 et
1154 2174 1300 2213 emend.
1316 2174 1364 2211 ad
1383 2185 1470 2224 cap.
1488 2174 1555 2212 45.

1055 2225 1073 2247 ⁶
1101 2229 1255 2267 Audiri.
1292 2228 1343 2266 Ut
1378 2227 1520 2265 ferrum
1552 2225 1731 2268 candens

1001 2284 1055 2321 sie
1085 2282 1211 2321 Solem
1237 2281 1431 2320 stridendo
1458 2291 1580 2331 aquas
1604 2278 1734 2318 subire

1001 2338 1272 2388 opinabantur.
1311 2335 1422 2373 Unde
1439 2335 1461 2373 J
1467 2333 1649 2381 uvenahs,
1665 2332 1735 2371 Sa-

1002 2393 1303 2442 tyr.X1v.280.

1010 2507 1094 2534 Audz
1088 2508 1123 2533 et
1137 2507 1285 2534 Herculeo
1295 2506 1472 2532 stridentem
1482 2504 1604 2539 gurgite
1619 2503 1726 2532 Sol&-

1001 2602 1124 2653 quue
1155 2601 1310 2651 vulgare
1337 2600 1441 2651 apud
1469 2603 1612 2651 poetas,
1623 2597 1732 2637 cum

999 2668 1181 2694 occasum
1203 2655 1302 2693 Solis
1320 2653 1553 2692 describunt.
1634 2656 1662 2664 ”

1054 2706 1071 2730 ⁷
1100 2707 1279 2759 Forma-sq
1283 2721 1326 2747 ue
1362 2707 1542 2745 Deorum.
1587 2686 1734 2755 Melius

986 2762 1210 2814 formasque
1238 2775 1437 2812 equorum:
1468 2762 1506 2798 ni
1537 2758 1733 2811 forte-flio*

999 2830 1076 2854 mas
1096 2815 1263 2854 Deorum
1283 2814 1461 2866 accipias
1468 2814 1524 2852 de
1543 2814 1733 2864 'Neptuno

999 2869 1159 2920 aliisque
1177 2869 1332 2907 marinis
1361 2868 1452 2906 Deis
1482 2865 1614 2906 Solet-6
1619 2865 1733 2905 “dei-

999 2923 1203 2975 pientibus.

1053 2974 1068 2997 ⁸
1099 2975 1263 3015 Tantam
1295 2974 1535 3014 natura.1ta
1563 2971 1611 3012 de
1631 2970 1731 3012 Oed-
