1768 3236
259 665 498 723 NOTAE
545 666 647 724 ET
699 665 1357 742 EMENDATIQNES

640 958 647 963 ,
671 924 750 962 AD
779 923 962 962 VITAM

302 1187 312 1198 -
365 1157 492 1245 CN.
532 1158 759 1218 JUL11
798 1157 1251 1215 AGRICOLAE.

301 1352 338 1368 J

104 1763 225 1807 CAP.
256 1770 293 1805 1.
327 1737 396 1805 P
398 1760 561 1805 ettssem.
620 1760 725 1804 MS.
745 1761 880 1804 Vatic.
901 1768 1030 1815 4494.
1052 1763 1270 1819 petiissem.

104 1842 168 1886 Ni
201 1850 450 1886 cursatums.
510 1841 577 1884 Ita
607 1850 761 1884 veteres
794 1840 1004 1893 editiones,
1037 1841 1221 1885 Pichena
1250 1850 1293 1885 et
1322 1844 1578 1888 recentiores.

46 1919 268 1962 Rhenanus
301 1917 598 1969 emendaverat,
638 1916 685 1958 ni
713 1916 1008 1959 incursatur-us.
1067 1915 1118 1959 In
1149 1917 1252 1960 MS.
1281 1917 1417 1961 Vatic.
1452 1924 1580 1967 3429.

35 1991 222 2050 petissem
240 1993 514 2035 incusatur-us.
1550 1996 1560 1999 “

102 2141 222 2184 ΟΑΡ.
242 2148 284 2184 2.
317 2139 525 2198 Legimus.
586 2139 740 2182 Mallet
758 2138 939 2196 Lipsius,
969 2139 1156 2182 vidimus.

103 2215 380 2258 Monimenta.
440 2213 505 2257 Ita
527 2213 629 2257 MS.
650 2213 785 2256 Vatic.
813 2219 940 2262 4498.

104 2290 454 2333 Arbitrabantur.
513 2289 681 2332 Frustra
718 2297 847 2330 tentat
883 2286 1135 2343 Barclayius,
1168 2287 1471 2332 arbitrabatur.
1531 2289 1581 2335 Id

35 2363 152 2407 ’enim
171 2379 253 2406 non
271 2364 426 2406 tannim
439 2364 491 2405 de
507 2362 767 2415 Domitiano,
797 2364 868 2404 sed
880 2363 931 2404 de
945 2362 1034 2419 ejus
1060 2361 1258 2404 scelerum
1278 2361 1581 2408 instinctoribus

43 2454 208 2496 quoque
227 2437 553 2493 intelligendum„
628 2442 633 2445 “

104 2511 167 2555 Et
196 2511 402 2569 loquendi.
463 2510 628 2567 Lipsius
672 2510 817 2563 vellet,'
867 2511 990 2552 etiam
1020 2510 1225 2568 loquendi.
1285 2512 1345 2563 At
1377 2513 1581 2556 veteribus

44 2587 310 2643 scriptoribus
330 2601 440 2641 saepe
460 2593 499 2627 et
517 2599 595 2641 pro
614 2585 740 2627 etiam
760 2594 1014 2641 usurpatum.

102 2712 223 2777 CixP.
253 2739 294 2776 3.
342 2732 603 2775 Felicitatem
646 2733 823 2790 imperii.
883 2732 949 2775 Ita
986 2705 1139 2775 veteres
1173 2732 1372 2775 editiones
1391 2733 1581 2791 'aliaequo
1661 2774 1669 2778 -

43 2805 168 2866 qufim
187 2807 388 2864 plurimae.
448 2806 543 2849 Nec
563 2807 840 2865 facilitatem,
869 2816 917 2850 ut
935 2807 991 2850 ait
1011 2806 1079 2851 Cl.
1103 2807 1316 2859 Emestus,
1347 2808 1416 2849 sed
1433 2806 1583 2865 felici-

42 2888 168 2924 tatem
186 2881 311 2924 habet
331 2880 599 2925 Puteolanus.
634 2880 896 2925 Facilitatem
917 2880 1147 2924 emendavit
1167 2879 1424 2933 Beroaldus3
1453 2895 1579 2937 quem
