1768 3236
427 832 1223 906 BREVIARIUM

222 1165 613 1217 DIALOGI
668 1165 782 1216 DE
836 1161 1425 1215 ORATORIBUS.

132 1502 182 1552 1.
226 1479 599 1553 anAmo,
652 1487 1046 1560 scribendique
1099 1484 1307 1559 dialogi
1361 1483 1600 1541 occasio.

51 1601 107 1651 2.
149 1592 427 1655 Personae,
455 1588 736 1644 Curiatius
763 1586 1075 1651 MaternuS‚
1102 1584 1193 1640 M.
1216 1585 1390 1659 Aper,
1414 1585 1603 1645 Julius

52 1690 367 1747 Secundus.
444 1693 500 1742 3.
542 1683 868 1740 Maternum
899 1691 1126 1758 poetam
1154 1682 1188 1737 a
1223 1683 1457 1757 poeticis
1490 1692 1604 1739 stu-

53 1788 159 1844 diis
211 1803 447 1848 avocare
501 1782 693 1838 studet
746 1780 1057 1837 Secundus.
1136 1788 1189 1838 4.
1234 1779 1495 1836 Excusat
1545 1798 1606 1835 se

53 1883 370 1942 Maternus,
450 1886 502 1938 5.
546 1879 731 1934 Instat
775 1878 963 1952 Aper3
1004 1886 1063 1933 et
1114 1880 1406 1934 contendit
1457 1879 1605 1933 utili·-

51 1989 191 2048 tate,
218 1981 529 2053 voluptate,
571 1977 862 2048 dignitate,
906 1976 1057 2030 fama
1085 1977 1382 2031 oratoriam
1424 1984 1602 2030 artem

52 2081 162 2135 arti
201 2078 439 2153 poeticae
480 2075 955 2148 anteponendam.
1033 2079 1087 2129 8.
1130 2073 1303 2138 Quod
1345 2072 1605 2128 Marcelli

57 2175 218 2249 Epn'i
245 2186 303 2231 et
345 2174 526 2248 Crispi
568 2173 720 2227 'Vibii
752 2172 1033 2245 exemplis
1070 2180 1128 2226 et
1169 2171 1371 2245 opibus
1408 2170 1628 2228 confir-v

52 2280 190 2330 mat.
271 2279 325 2335 9.
368 2271 579 2327 Contra
606 2271 844 2344 poeticae
865 2270 1092 2343 inanem
1119 2275 1177 2323 et
1198 2267 1603 2324 infructuosam

53 2371 282 2427 laudem
319 2367 454 2426 esse.
539 2375 626 2425 10.
671 2368 943 2422 Hortatur
982 2364 1111 2440 ergo
1163 2365 1493 2421 Maternum
1534 2375 1606 2420 ut

54 2469 130 2525 ab
168 2468 453 2523 auditoriis
491 2474 550 2521 et
593 2466 821 2520 theatris
863 2464 937 2519 ad
978 2464 1161 2518 forum
1202 2445 1520 2537 causasque
1547 2481 1605 2516 se

56 2572 365 2623 convertat.
449 2573 536 2622 11.
580 2562 876 2618 Maternus
925 2569 1121 2635 poetas
1164 2560 1434 2616 defendit.
1517 2566 1605 2617 12.

55 2662 134 2724 Iis
170 2682 331 2737 pura,
367 2662 706 2725 innocentia,
747 2659 936 2715 divina
974 2666 1107 2714 sunt
1143 2658 1361 2713 studia:
1401 2674 1609 2731 magna

55 2759 224 2815 fama.
308 2766 395 2817 13.
438 2759 728 2833 ΞΡεείοεῑε,
763 2775 932 2830 opes:
972 2756 1106 2810 felix
1154 2734 1605 2810 contubernium.

51 2856 328 2931 Inquieta
363 2855 493 2912 vero
520 2865 580 2936 et
610 2855 779 2911 anxia
804 2862 1089 2910 oratorum
1116 2854 1250 2908 vita.
1335 2859 1421 2908 14.
1465 2849 1609 2905 Haec

56 2955 448 3021 tractantibuS,
489 2954 788 3011 intervenit
813 2951 1143 3028 Vipstanius
1185 2948 1450 3006 Messala.
1531 2946 1611 3010 Is,
