1768 3236
636 165 958 208 GERMANiA.
1274 163 1279 167 ’
1516 165 1542 204 6
1550 172 1565 204 1

25 261 278 339 objeceiit?
326 261 396 340 At
434 269 660 321 Germani
702 258 955 328 Carbone,¹
992 279 1039 317 et
1075 257 1354 329 Cass10‚²et³
1390 269 1567 319 Scauro

27 349 242 434 Aurelio,
243 352 257 379 ²
279 360 327 399 et
358 348 552 399 Servilio
575 347 818 413 Caepione,
852 348 943 396 Cn.
969 362 1156 411 quoque
1188 345 1367 395 Manlio
1381 349 1401 377 ⁴
1432 346 1563 407 fusis,

78 521 186 561 *zat
202 523 382 563 Germani
395 522 586 562 Carbone.
594 521 753 560 A.U.C.

29 574 125 615 640.
163 575 316 623 Cimbri,
341 590 435 628 gens
466 589 577 628 vaga,
599 576 751 626 popula-

31 630 146 669 bundi
176 631 215 668 in
250 630 448 683 Illyricum
473 636 679 674 vener-unm
709 630 754 667 ab

29 675 80 722 ὅσ
122 684 302 735 Papirius
353 683 474 723 Carbo
506 683 635 722 consul
675 696 755 721 cum

33 738 201 777 exercitu
235 738 355 790 Jitsus
400 742 470 776 est.
541 736 669 774 Livius
716 736 755 774 in

34 788 226 843 Epitome‚
273 802 404 829 ani.
449 789 515 828 Ad
559 790 754 836 Noreiam,

29 843 304 883 'rm-iscoram
327 846 475 892 urbem,
492 856 612 895 prope
633 843 757 894 Aqui-

30 897 160 945 teian,
204 898 327 936 victus
369 906 426 936 est
476 899 616 944 Carbo,
662 903 755 936 teste

31 951 231 998 Strabone,
258 953 342 991 Lib.
359 964 399 990 v,
427 964 466 1003 p.
486 955 579 990 214.
634 951 754 989 Annis

29 1006 288 1056 coquentibus,
325 1005 472 1044 Cimbri
514 1005 755 1056 Teutonique

30 1058 202 1098 Galliam
216 1059 438 1111 depopulati
452 1066 552 1105 sunt,
565 1071 757 1109 magnam-

32 1116 108 1164 que
130 1113 391 1152 calamitatem
418 1114 603 1158 intulere;
631 1122 672 1150 at
698 1113 755 1150 in-

32 1165 142 1205 victd
171 1165 375 1205 Gallorum
399 1164 611 1204 constantii
637 1166 756 1203 ‹leter-

31 1220 110 1268 riti,
126 1220 222 1258 alias
246 1226 362 1258 terras
380 1221 531 1271 petiere,
559 1226 603 1258 ut
630 1220 755 1257 videre

31 1279 88 1312 est
104 1274 208 1325 apud
224 1274 247 1313 J
253 1274 307 1312 ul.
321 1276 520 1319 Caesarem,
535 1273 630 1311 Bell.
648 1273 755 1311 Gall.

34 1339 113 1366 vu.
139 1331 205 1372 77.
231 1327 335 1366 Tum
365 1328 404 1365 in
433 1327 586 1365 Italiam
612 1340 757 1373 venere,

32 1380 253 1443 legatosque
285 1381 334 1419 ad
360 1388 533 1420 senatum
563 1381 757 1426 miserunt,

32 1435 103 1488 qui
119 1447 240 1486 agros,
256 1435 397 1487 quibus
415 1434 662 1481 considerent,
675 1447 759 1485 pos-

34 1488 214 1528 tularent.
271 1489 388 1535 Quod
406 1488 498 1528 cum
515 1487 684 1539 negasset
705 1501 761 1525 se-

33 1549 160 1589 natus,
211 1542 411 1581 adversum
456 1555 518 1579 eos
561 1541 762 1579 infeliciter

35 1596 220 1648 'pugnavit
236 1595 295 1634 M.
303 1596 443 1635 Junius
456 1595 607 1634 Silanus
615 1595 762 1642 consul,

35 1648 86 1688 A.
107 1649 156 1688 U.
173 1650 221 1689 C.
237 1647 331 1689 645.
386 1649 468 1687 Liv.
485 1649 642 1701 inEpit.
662 1660 763 1686 va.

86 1699 106 1720 ²
132 1703 188 1741 Et
215 1702 357 1742 Cassio.
387 1702 434 1742 L.
450 1701 613 1749 Cassius,
637 1702 766 1741 consul

35 1755 86 1794 A.
106 1756 156 1795 U.
174 1756 221 1795 C.
239 1754 331 1801 647.
349 1757 373 1795 ὰ
401 1756 597 1808 Tigurinis
626 1755 764 1803 Gallis,

30 1818 132 1864 pago
159 1808 434 1857 Helvetiorum,
463 1822 565 1848 nunc
594 1809 655 1848 the
680 1823 766 1849 can-

22 1867 121 1901 tons
150 1863 199 1915 qs
216 1862 370 1909 Zur-ich,
390 1864 592 1915 Appenzel,
622 1863 767 1913 Schaff-

35 1916 184 1962 hausen,
202 1917 279 1957 ὅτε.
308 1918 372 1968 qui
398 1918 423 1955 ὰ
446 1917 600 1956 cizitate
614 1930 767 1955 sect-sse

32 1975 139 2018 rant,
164 1971 204 2009 in
224 1971 372 2020 finibus
394 1969 652 2022 Allobrogum,
684 1983 765 2009 cum

34 2022 200 2062 exercitu
216 2037 330 2062 coesus
346 2030 415 2070 est,
469 2023 618 2062 Milites
635 2024 699 2074 qui
723 2037 766 2062 ex

37 2076 83 2115 ed
113 2077 218 2117 clade
258 2082 541 2128 superaverunt,
582 2077 764 2115 obsidibus

36 2129 152 2178 datis,
193 2136 231 2169 et
264 2130 420 2170 dimidia
452 2144 575 2170 rerum
608 2131 764 2168 omnium

32 2189 158 2234 porte,
182 2189 228 2222 ut
252 2183 448 2224 incolumes
475 2185 766 2232 dimitterentur,

37 2249 118 2276 cum
135 2237 299 2276 hostibus
310 2239 416 2290 pacti
431 2243 532 2276 sunt.
577 2237 736 2276 Livius
726 2251 765 2276 in

36 2288 358 2342 Epitome,1.xv.
398 2292 520 2329 Immo
550 2292 766 2329 Romanum

33 2344 249 2384 exercitum
273 2345 344 2382 sub
362 2346 502 2396 jugum
530 2344 555 2382 ὲ
579 2344 768 2396 Tigurinis

37 2397 197 2438 missum
230 2398 341 2436 docet
373 2399 396 2438 J
403 2399 456 2436 ul
490 2398 630 2445 Caesar,
667 2399 766 2436 Bell.

37 2450 134 2490 Gal.
162 2462 192 2489 1.
221 2454 282 2490 12.
313 2451 392 2490 Hic
418 2465 538 2503 pagus
561 2465 655 2490 unus
687 2452 767 2490 cum

39 2503 145 2547 &omo
177 2503 326 2551 exisset,
361 2511 514 2556 patrum
557 2510 768 2543 nostrorum

37 2556 214 2597 memoria
223 2558 271 2596 L.
285 2557 450 2596 Cassium
463 2560 644 2598 consulem
657 2559 771 2598 inter-

25 2609 196 2674 ficerat,
223 2617 261 2650 et
287 2625 369 2664 qyus
394 2611 593 2650 exercitum
618 2613 683 2666 sub
698 2614 771 2665 ju-

144 2666 309 2704 miserat.

93 2713 112 2738 ⁸
139 2717 285 2758 Scauro
303 2718 473 2758 Aurelio.
514 2717 573 2757 M.
592 2717 770 2756 4urelius

34 2762 221 2818 Scaurus,
256 2769 402 2822 legatus
444 2771 604 2811 consulis
638 2772 772 2820 (immo

42 2825 177 2863 consul
197 2828 253 2866 A.
272 2825 321 2863 U.
340 2825 386 2864 C.
405 2822 514 2872 646.)
543 2827 567 2863 ιὶ
603 2824 772 2872 Cimbris,

29 2876 127 2938 suso
154 2878 332 2925 exercitu,
359 2884 489 2939 captus
513 2883 582 2924 est,
613 2884 650 2916 et
678 2878 773 2925 cum,

43 2929 85 2967 in
102 2932 292 2971 consilium
311 2931 357 2970 ab
380 2931 427 2970 iis
447 2945 483 2971 ez
481 2936 631 2976 ocutus,
650 2932 772 2970 deter-

829 526 929 559 reret
947 535 1021 566 eos,
1048 533 1095 559 ne
1113 519 1229 570 Alpes
1247 519 1455 557 transirent
1480 520 1507 557 I
1506 526 1565 557 ta-

827 575 915 614 liam
938 575 1112 625 petituri,
1140 574 1180 612 eb
1198 573 1294 624 quod
1319 573 1461 611 diceret
1487 574 1564 611 Ro·

827 641 952 667 manos
972 628 1070 666 vinci
1086 641 1157 665 non
1182 640 1300 678 posse,
1320 627 1343 664 ὰ
1372 625 1563 678 Boiorige,

813 682 1106 733 ferocijucene,
1122 680 1264 719 occisus
1281 685 1350 719 est.
1379 679 1507 718 Livius
1521 682 1563 718 in

830 736 935 786 Epit.
953 746 1094 773 van.
1122 734 1222 772 Vide
1238 740 1276 771 et
1303 734 1501 780 Plutarch,
1511 735 1560 772 ⁴in

829 789 971 836 Mario,
1006 802 1046 839 p.
1077 792 1170 833 419.
1204 794 1244 825 et
1273 786 1377 826 vell.
1406 788 1559 828 Patere.

830 855 879 880 11.
904 847 966 882 12.

879 894 901 918 ⁴*
926 893 1088 935 Servilio
1115 893 1294 945 Caepiom,
1327 893 1395 933 Cn.
1420 907 1561 945 quoque

828 950 991 989 ,Manlia
1047 947 1261 998 Utramque
1302 948 1452 986 cladem
1484 949 1560 986 dis-

829 1004 945 1042 tinxit
963 1015 1117 1054 quoque
1138 1002 1285 1048 Florus,
1310 1014 1378 1040 111.
1404 1005 1443 1040 3.
1472 1001 1560 1041 Nec

824 1058 983 1108 primum
1000 1056 1172 1106 impetum
1193 1056 1435 1094 barbarorum
1460 1054 1563 1093 Sila-

828 1124 909 1156 nus,
943 1123 1008 1149 nec·
1044 1110 1240 1149 secundum
1275 1109 1460 1154 Manlius,
1493 1122 1562 1147 nec

830 1164 982 1202 tertium
1006 1162 1128 1214 Caepio
1145 1162 1328 1202 sustinere
1342 1168 1562 1213 potuerunt.

832 1218 1044 1268 Utramque
1097 1217 1297 1267 conjungit
1343 1216 1473 1254 Livius
1521 1217 1563 1253 in

833 1272 1022 1323 Epitome,
1050 1282 1190 1309 van.
1217 1269 1278 1308 Ab
1306 1269 1432 1308 iisdem
1450 1270 1566 1308 hosti-

831 1326 897 1363 bus
914 1325 1110 1377 (Cimbris)
1130 1323 1200 1363 Cn.
1218 1323 1403 1370 Manlius,
1420 1324 1563 1370 consul,

832 1384 870 1417 et
903 1378 952 1423 Q.
980 1377 1163 1416 Servilius
1190 1375 1327 1428 Capio,
1349 1377 1564 1427 proconsul,

832 1433 926 1472 victi
950 1431 1096 1483 pratia,
1128 1431 1265 1469 castris
1296 1443 1436 1482 quoque
1469 1430 1566 1468 binis

834 1487 936 1525 exuti
970 1491 1071 1524 sunt.
1126 1485 1156 1524 F
1160 1484 1263 1522 usius
1287 1483 1439 1522 Paulus=
1467 1483 1567 1522 Oro·

834 1540 927 1586 sius,
945 1552 986 1578 v.
1014 1537 1076 1577 16.
1115 1538 1287 1576 Manlius
1303 1538 1442 1583 consul,
1457 1542 1496 1576 et
1514 1535 1567 1580 Q.

838 1593 972 1644 Caepio,
987 1592 1199 1643 proconsul,
1210 1591 1391 1630 adversus
1400 1590 1567 1630 Cimbros

837 1653 875 1686 et
903 1647 1099 1691 Teutones,
1128 1650 1164 1684 et
1196 1645 1398 1696 Tigurinos
1415 1650 1453 1683 et
1473 1645 1568 1682 Am-

838 1700 985 1745 brbnas,
1005 1700 1202 1738 Gallorum
1229 1704 1267 1737 et
1295 1698 1568 1736 Germanorum

835 1760 979 1806 gentes,
995 1766 1073 1815 quae
1083 1757 1171 1791 tunc
1182 1758 1224 1791 ut
1232 1753 1422 1803 imperium
1433 1751 1571 1790 Roma·

839 1821 925 1846 num
953 1807 1228 1858 extinguerent,
1247 1806 1570 1857 conspiraverant,

839 1861 953 1907 missi,
964 1860 1180 1912 provincias
1200 1859 1274 1897 sibi
1295 1859 1488 1907 Rhodano,
1505 1859 1570 1897 tlte

842 1914 1103 1966 Rhonefiuvio
1116 1914 1234 1952 medio
1246 1913 1464 1952 diviserunt.
1491 1912 1570 1951 Ubi

840 1969 924 2006 dum
948 1969 1048 2006 inter
1063 1981 1102 2005 se
1126 1966 1346 2018 gravissime
1363 1965 1507 2005 invidia
1529 1971 1570 2004 et

839 2022 1071 2061 contentione
1087 2021 1308 2071 disceptant,
1327 2033 1407 2059 cum
1432 2018 1573 2071 magnei

840 2074 1042 2126 ignominia
1061 2079 1098 2112 et
1121 2074 1288 2125 periculo
1321 2073 1494 2115 Romani
1505 2085 1571 2111 no—

840 2129 948 2167 minis
966 2128 1058 2167 victi
1074 2133 1175 2166 sunt.
1178 2126 1434 2179 -ὲ-Οείοςίιιΐα
1452 2126 1571 2165 millia

840 2182 1103 2228 Romanorum
1143 2181 1406 2232 sociorumque,
1444 2179 1569 2233 eddeva

842 2240 1057 2287 tempestate
1084 2235 1289 2278 trucidata,
1314 2234 1452 2272 Antias
1478 2233 1572 2273 seri*

841 2289 909 2327 bit.
974 2288 1077 2327 Chm
1121 2289 1254 2338 Caepio
1290 2287 1409 2338 hujus
1448 2287 1571 2326 cladis

842 2355 959 2380 causa
976 2342 1116 2388 fuisset,
1133 2340 1331 2380 secundum
1346 2341 1478 2392 populi
1494 2341 1571 2379 Ro-

841 2397 941 2434 mani
970 2395 1192 2445 jussionem,
1234 2393 1428 2444 Coepionis,
1463 2395 1571 2445 cujas

841 2449 1049 2488 temeritate
1060 2448 1183 2486 clades
1195 2453 1348 2498 accepta
1362 2455 1460 2494 erat,
1472 2449 1572 2486 dam-

842 2504 936 2550 nati,
968 2504 1061 2540 bona
1091 2502 1282 2552 publicata
1308 2506 1408 2540 sunt.
1465 2501 1573 2549 Dies,

842 2569 919 2607 quo
949 2555 1032 2594 haec
1054 2555 1180 2594 clades
1197 2555 1358 2606 contigit
1385 2556 1436 2593 A.
1456 2555 1503 2594 U.
1523 2555 1573 2594 C.

846 2608 938 2654 649.
956 2610 1053 2647 inter
1067 2609 1227 2648 nefastos
1242 2609 1383 2650 relatus
1395 2617 1465 2655 est,
1478 2614 1573 2646 teste

845 2662 1055 2702 Plutarcho
1068 2663 1107 2700 in
1123 2661 1307 2709 Lucullo,
1322 2675 1361 2713 p.
1374 2666 1465 2702 510.
1485 2661 1572 2700 Uno

845 2717 932 2754 ante
960 2729 1060 2754 anno
1091 2716 1223 2765 Caepio
1251 2714 1399 2762 consul,
1425 2715 1575 2767 direpta.

845 2770 998 2816 Tolosa,
1017 2781 1120 2807 nune
1145 2769 1338 2813 Toulouse,
1365 2768 1577 2807 abstulerat

847 2824 998 2884 argenti
1010 2823 1132 2873 pondo
1149 2828 1293 2860 centum
1308 2822 1430 2860 decem
1445 2821 1577 2864 millia.

847 2890 931 2916 auri
925 2877 1064 2926 pondo
1079 2875 1287 2927 quindecies
1300 2874 1419 2914 decies
1433 2880 1579 2912 centum

848 2930 978 2968 millia.
1034 2933 1090 2967 At
1122 2940 1225 2967 error
1251 2936 1306 2967 est
1333 2928 1373 2966 in
1397 2928 1481 2966 auri
1507 2939 1579 2967 nu
