1768 3236
457 197 604 235 LIBRI
634 194 839 234 DECIMI
867 195 1189 234 ANNALIUM.
1531 200 1619 237 423

55 201 99 245 21.
118 198 173 242 6.-
185 203 252 241 45.

63 316 290 371 nepotum
334 299 637 367 principibus¹
661 298 1025 358 laudatissimuS‚¹
1044 297 1077 347 -ὲ
1111 297 1228 346 mari
1252 298 1503 364 Carpathio
1518 303 1536 323 ²
1567 300 1619 351 in

65 383 244 433 Italiam
258 380 492 430 advectus.
558 375 890 441 Quinquennio
913 374 1014 424 fere
1031 374 1147 424 cur‘a
1168 375 1407 436 adffibitfi‚³
1433 389 1617 443 optatus

65 459 334 525 Elipertius,
367 456 614 522 praefectus
645 455 816 514 classis,
849 454 968 502 inter
991 453 1266 502 Ostiensem⁴
1279 466 1326 502 et
1349 455 1619 520 Campaniae

65 540 230 587 oram4
257 552 442 601 sparsos
461 534 524 582 ita
546 533 869 591 disseminavit,
901 544 952 580 ut
986 530 1259 597 frequentes,
1279 532 1369 581 hoc
1390 533 1440 581 in
1462 533 1616 583 littore
1637 540 1639 544 '

64 614 381 664 invenirentur
398 631 412 662 ε

480 612 638 677 sicque
694 612 799 660 satis
853 610 1087 675 piscibus,⁵
1137 610 1271 659 datus
1314 610 1430 659 mari
1463 628 1615 661 novus

64 693 237 752 incola,
257 703 392 740 aucta
412 689 544 745 novis
559 689 798 754 saporibus
819 689 944 754 gula.

63 807 67 819 ’Ἴ
133 806 221 874 25}
248 828 333 873 AT
357 841 417 872 ne
455 823 575 871 victa
603 822 837 871 videretur
875 804 1060 880 natura,
1099 822 1238 888 paulo
1273 822 1382 888 post
1421 823 1612 888 quidam

62 898 349 962 Perusinus,⁶

404 918 547 966 eques
588 902 850 961 Romanus,
901 900 1174 966 quaestorius
1221 900 1404 963 scriba,⁷
1437 913 1612 950 menta-

63 979 234 1047 gram,⁸
278 981 405 1029 luem
444 979 693 1045 majoribus
726 979 1023 1044 patribusque
1061 978 1360 1044 incognitam,
1399 996 1461 1028 ex
1494 978 1613 1029 Asia

63 1057 339 1124 importavit.

66 1188 208 1226 Scarus
248 1186 420 1224 saxatilis
447 1192 503 1224 est
545 1186 673 1236 piscis,
720 1187 801 1237 qui,

55 1242 158 1279 'cum
184 1242 267 1291 ejus
289 1253 380 1278 caro
399 1239 447 1277 sit
465 1240 576 1278 valde
607 1241 734 1279 mollis
762 1248 801 1279 et

69 1295 245 1341 friabilis,
257 1295 515 1345 principatum
535 1296 640 1345 apud
661 1296 799 1333 Roma-

65 1362 133 1387 nos
164 1349 343 1388 obtinuit.
399 1348 498 1386 Vide
519 1348 725 1396 Galenurn,
754 1350 799 1387 de

62 1404 246 1452 Aliment,
248 1402 397 1454 facult.
417 1414 486 1440 111.
505 1405 572 1440 30.
600 1431 604 1435 .

118 1508 131 1526 ¹
151 1510 201 1548 N
198 1507 343 1560 epotum
358 1503 602 1561 principibus.
650 1511 793 1549 Gulam

61 1563 162 1602 hanc
179 1563 419 1614 „helluonum
437 1565 580 1616 spernit
600 1565 797 1613 Horatius,

64 1617 190 1670 Epod.
212 1630 262 1656 11.
281 1622 347 1656 48.

97 1699 167 1725 Non
179 1706 225 1724 me
237 1699 376 1725 Lucrina
381 1700 524 1732 juverint
536 1701 706 1733 conchylia,

131 1738 260 1771 Magi-sve
273 1739 424 1769 rhombus,
440 1742 498 1764 aut
510 1741 601 1770 scari,

95 1777 130 1803 Si
141 1785 214 1810 quos
228 1779 298 1804 Eois·
308 1779 452 1804 intonata
458 1779 605 1811 fluctibus

130 1818 243 1849 Hyems
253 1818 296 1843 ad
310 1818 365 1844 hoe
376 1820 475 1844 vertat
486 1826 581 1844 mare.

103 1872 133 1900 ⁸²
161 1883 273 1922 Mari
290 1883 508 1935 Carpathio.
544 1900 551 1905 ”
566 1883 678 1922 Mare
695 1885 793 1923 illud

59 1937 280 1978 Asiaticum
299 1951 454 1989 quoque
476 1939 623 1976 dictum
643 1946 699 1977 est
719 1939 797 1977 Pli-

58 1993 138 2037 nio,
150 2004 190 2029 v.
204 1997 268 2036 27.
281 1992 386 2043 quod
405 1994 454 2030 ab
474 1991 566 2030 Asia
583 1993 792 2042 provincia,

57 2047 231 2096 urbeque
261 2046 466 2091 Telmesso,
509 2059 612 2084 nunc
650 2047 792 2092 Macri,

58 2099 258 2150 inciperet,
273 2108 311 2138 et
324 2101 373 2138 ad
390 2101 524 2138 urbem
539 2101 793 2150 Carpathum,

57 2165 162 2192 nunc
179 2152 399 2206 Scarfanto,
413 2154 511 2192 inter
528 2154 670 2193 insulas
688 2154 792 2193 Rho-

57 2207 152 2245 dum
170 2214 209 2245 et
226 2209 382 2246 Cretam
401 2208 603 2247 deveniret.

111 2257 128 2280 ³
149 2259 253 2299 C'urd
271 2259 452 2300 adhibita,
482 2262 596 2300 Certe
613 2275 786 2313 magnam

56 2314 238 2353 adhibere
266 2316 423 2362 debuit3
451 2315 541 2354 cum
559 2316 677 2366 paulo
701 2326 788 2354 ante

57 2368 96 2405 id
141 2376 290 2419 tempus
330 2370 521 2420 scripserit
557 2370 788 2415 Columella,

56 2433 156 2460 vlu.
181 2427 242 2466 17.
296 2422 499 2466 Littomm,
528 2422 583 2461 sic
605 2429 643 2460 et
657 2424 789 2474 freto-

54 2487 139 2513 rum
163 2476 395 2525 differentias
423 2475 528 2515 nosse
555 2484 716 2526 oportet,
743 2493 788 2516 ne

53 2541 122 2567 nos
137 2530 337 2581 alienigeni
350 2530 469 2580 pisces
481 2530 667 2580 decipiant
681 2546 694 2569 .·
716 2545 787 2570 non

56 2583 151 2621 enim
176 2584 273 2621 omni
301 2584 397 2621 muri
424 2589 550 2645 potest
566 2585 681 2622 onmis
697 2599 787 2629 esse,

54 2641 100 2673 ut
114 2650 257 2682 scarus,
282 2638 346 2688 qui
363 2638 480 2675 totius
496 2637 601 2676 Asiae
614 2637 790 2677 Groeciae-

41 2701 126 2740 ηας
136 2689 328 2729 littoribus
348 2689 479 2729 Sicilia
495 2695 602 2729 tenus
605 2691 788 2744 frequen

53 2743 218 2786 tissimus
234 2745 322 2790 exit,
350 2757 543 2795 numquam
561 2745 600 2782 in
618 2745 787 2796 Ligusti-

55 2808 150 2843 cum,
168 2810 234 2835 nec
247 2811 317 2849 per
335 2797 485 2836 Gallias
502 2799 629 2837 enavit
646 2800 695 2838 ad
711 2799 788 2841 Hi-

55 2849 215 2888 hericum
241 2857 366 2890 mare.
410 2852 548 2902 Itaque
573 2865 618 2890 ne
633 2852 668 2890 si
685 2854 787 2914 capti

34 2906 43 2914 '
55 2903 201 2952 quidem
213 2905 460 2956 perferantur
478 2905 517 2943 in
535 2912 665 2944 nostra
683 2907 787 2946 'civa-

53 2957 126 3003 ria,
154 2957 325 2997 diuturni
341 2964 477 3010 queant
489 2957 692 3011 possideri.

409 1057 612 1116 Malum,
638 1069 875 1122 tamquam
913 1056 1130 1107 foeminas
1164 1057 1442 1123 plebemque
1463 1056 1609 1124 negli-

919 1184 940 1207 4
969 1186 1096 1224 Oram.
1143 1187 1277 1224 Romae
1293 1185 1462 1252 vicinam
1482 1193 1521 1224 et
1539 1199 1608 1238 op-

870 1246 1092 1292 portunam.

923 1293 936 1315 ⁵
967 1293 1073 1333 Satis
1112 1293 1288 1344 piscibus.
1345 1293 1456 1340 Haec,
1497 1299 1543 1333 ut
1569 1302 1608 1334 et

869 1349 1077 1400 superiora„
1110 1348 1268 1393 Plinius,
1298 1360 1360 1386 xx.
1383 1352 1445 1393 17.
1502 1347 1606 1387 Illud

870 1411 999 1441 autem
1044 1401 1268 1452 exemplum
1305 1402 1427 1452 pisces
1461 1402 1607 1440 serendi

870 1469 940 1495 nec
958 1456 1231 1506 injucundum,
1259 1468 1330 1493 nec
1349 1456 1499 1494 inutile.

925 1506 942 1528 ⁶
959 1510 1178 1549 Perusinus.
1223 1510 1391 1552 Perusia,
1412 1523 1516 1549 nunc
1535 1510 1608 1558 Pe-

870 1565 996 1615 rugia.
1017 1566 1019 1568 ’

923 1616 941 1639 ’
986 1617 1218 1661 Quoestorius
1261 1616 1398 1655 scriba.

869 1673 1080 1724 quaestoris.

922 1724 936 1745 ⁸
966 1726 1225 1777 IlIentagram.
1285 1721 1376 1770 Qua
1393 1725 1440 1762 de
1465 1738 1504 1762 re
1528 1725 1606 1763 elo-

863 1783 1028 1830 'quenter
1064 1793 1132 1830 pro
1167 1792 1272 1816 more
1316 1791 1399 1825 suo,
1446 1779 1605 1828 Plinius,

874 1846 1000 1872 xxvl.
1023 1839 1058 1872 l.
1088 1831 1215 1871 Sensit
1232 1838 1269 1870 et
1273 1832 1403 1884 facies
1421 1833 1605 1873 hominum

866 1900 993 1935 novos,
1011 1888 1178 1938 omnique
1197 1899 1273 1925 aevo
1291 1886 1514 1939 incognitos,
1530 1900 1604 1926 non

864 1941 994 1980 Italioe
1010 1941 1128 1987 mode,
1145 1940 1271 1980 veram
1292 1941 1402 1979 etiam
1421 1941 1606 1981 universa:

859 2008 978 2046 prope
997 1996 1171 2046 Europa,
1192 1995 1348 2032 morbos,
1392 1995 1497 2032 Tunc
1515 2008 1605 2045 quo-

868 2062 937 2099 que
955 2063 1026 2086 non
1044 2048 1127 2086 tota
1144 2049 1170 2086 I
1170 2048 1278 2092 talu?
1299 2062 1364 2086 nec
1379 2062 1449 2099 per
1467 2049 1494 2085 I
1494 2049 1604 2100 llyri-

868 2116 947 2140 cum
961 2102 1168 2147 Gallias-oe,
1184 2107 1250 2140 aut
1264 2102 1484 2152 Hispanias,
1498 2117 1603 2155 mag-

866 2157 1002 2207 nopere
1046 2162 1216 2208 vagatos,
1263 2161 1329 2193 aut
1364 2154 1454 2193 alibi
1491 2158 1602 2219 quarn

865 2209 1337 2260 Romoe‚circaq11e:sine
1365 2211 1492 2248 dolore
1519 2212 1601 2262 qni·

865 2264 943 2301 dem
961 2265 1059 2309 illos,
1078 2277 1122 2301 ac
1138 2263 1215 2301 sine
1230 2263 1396 2312 pernicie
1415 2264 1514 2310 υἱέας,
1533 2267 1601 2304 sed

864 2315 1167 2369 tanta'foeditate‚
1192 2323 1235 2355 ut
1255 2330 1487 2368 quaecumque
1499 2332 1600 2357 mors

857 2371 1094 2423 praeferencla
1144 2376 1251 2408 esset.
1324 2370 1600 2411 Gravissimum

863 2438 908 2462 ex
934 2425 991 2463 his
1014 2425 1176 2463 lichenas
1208 2425 1440 2475 appellavere
1461 2426 1598 2464 Graeco

863 2479 1034 2517 nomine.-
1067 2478 1205 2516 Latin&
1240 2478 1396 2529 quidem,
1425 2481 1596 2529 quoniam

862 2532 887 2568 ax
920 2539 1040 2570 mento
1060 2533 1155 2583 fere
1190 2533 1395 2579 oriebatur,
1421 2533 1599 2583 joculari

856 2586 1019 2635 primam
1038 2586 1194 2625 lascivia
1215 2589 1287 2633 (ut
1305 2592 1361 2624 est
1372 2599 1517 2636 procax
1531 2601 1598 2625 na-

863 2644 952 2677 tura
968 2641 1167 2678 multorum
1185 2640 1224 2677 in
1241 2641 1373 2678 alienis
1390 2641 1561 2686 miseriis,
1564 2642 1590 2686 )

862 2706 945 2730 mox
961 2699 1000 2731 et
1023 2700 1205 2743 usurpato
1234 2694 1425 2739 vocabulo,
1453 2701 1595 2732 menta-

858 2748 1118 2799 gram—-Non
1134 2746 1276 2799 ficerat
1292 2748 1366 2786 lzoec
1387 2748 1464 2785 lues
1494 2749 1596 2798 apud

859 2803 1020 2852 majores
1034 2807 1234 2851 patresque
1251 2807 1413 2839 nostros.
1442 2801 1496 2839 Et
1510 2802 1594 2852 pri·

858 2855 955 2892 mum
974 2854 1117 2892 Tiberii
1134 2853 1285 2893 Claudii
1305 2853 1464 2893 Caesarz's
1484 2855 1595 2905 prin·

861 2909 988 2958 cipatu
1020 2909 1137 2946 medio
1169 2909 1326 2960 irrepsit
1355 2908 1394 2946 in
1419 2909 1590 2956 Italiam,

861 2963 1016 3013 quodam
1035 2962 1234 3010 Perusino,
1262 2961 1384 3014 equite
1411 2961 1591 3011 Romano,

1469 1617 1607 1656 Scriba
