1768 3236
1519 53 1541 62 a

51 176 91 218 J.
108 176 154 216 C.
173 178 240 220 70.
295 173 374 214 ΑΙ)
401 172 615 214 LIBRUM
644 174 909 221 QUINTUM
937 176 1338 221 HISTORIARUM.
1505 185 1580 223 531

47 276 184 330 facili*
206 278 254 326 in
291 277 381 326 iras
410 276 676 342 Principum
706 278 891 338 natura,
933 274 1205 330 convicium¹
1229 281 1277 330 in
1321 281 1546 333 tributum
1560 287 1575 308 “

46 355 185 404 vertit
197 374 212 415 ;
247 355 478 420 graviores
498 371 658 421 poenas
679 357 971 422 repetiturus,
994 358 1042 407 ni
1069 370 1218 408 motos
1240 359 1380 424 patris
1401 360 1578 412 animos

52 432 189 482 Titus
209 432 445 482 sedasset.²

115 591 196 636 45.
230 587 395 635 DATA
440 587 547 637 licet
585 588 735 648 venia,
779 578 1076 638 Alexandriae
1114 589 1335 650 infensuS,
1373 572 1578 642 Romani

46 663 281 729 profectus
313 668 412 713 est}
482 665 767 729 Reipublicae
802 666 1041 732 egregium
1075 667 1269 727 donum,
1303 668 1578 718 renascentis

44 741 262 790 libertatis
294 742 555 806 augurium,
588 741 693 790 ante
730 754 826 790 erat
860 744 1107 808 elargitus:
1159 745 1408 810 Majestatis
1451 734 1574 793 enim

44 819 314 867 damnatos⁴
334 819 533 866 Neronis
555 818 724 867 saevitia⁴
747 820 1091 883 sequentiumve
1106 820 1373 885 Principum
1395 821 1575 872 calami-

44 905 152 954 tate,
175 907 405 961 quotquot
423 896 700 960 superstites,
734 896 988 949 absolverat
1006 916 1021 956 3
1058 908 1104 945 et
1127 897 1313 947 extenta
1343 898 1464 947 ultra
1483 897 1575 948 fata

43 972 273 1037 aequitate,
294 972 464 1021 famam
490 973 683 1021 mortuis
717 973 1006 1023 restituerat.⁵
1074 975 1226 1022 Tanto
1249 975 1416 1024 decore
1436 992 1574 1040 supra

43 1048 255 1098 victorias
287 1049 586 1116 praefulgens,
620 1051 920 1116 Brundisium
961 1048 1122 1110 venit,⁶
1163 1051 1244 1100 ubi
1281 1051 1310 1100 a
1352 1052 1574 1102 Muciano

45 1126 282 1191 Urbisque
313 1127 592 1190 primoribus
624 1129 834 1192 publicos
866 1129 986 1177 inter
1016 1129 1202 1193 plausus
1232 1140 1450 1194 exceptus
1471 1132 1574 1182 est.⁷

42 1205 111 1252 At
143 1205 460 1252 Beneventum
480 1222 766 1270 progressus,
795 1206 1116 1255 Domitianum
1136 1205 1322 1270 repedt,
1345 1206 1573 1256 solutioris

4 1281 15 1311 Ὗ
42 1279 256 1340 libidinis,
300 1282 415 1329 dum
446 1294 574 1346 pater
605 1285 775 1342 aberat,
820 1294 921 1332 tum
959 1283 1065 1341 vitia
1096 1283 1390 1347 simplicitatis
1426 1283 1573 1331 stulti-

42 1356 174 1405 tiaeve
188 1354 204 1380 ⁸
237 1357 485 1407 imitamine
517 1362 827 1409 excusantem:
899 1360 1127 1411 Remedio
1162 1359 1330 1425 pariter
1362 1376 1415 1409 ac
1447 1360 1571 1411 malo

42 1433 206 1482 anxius
229 1436 547 1499 Vespasianus,
571 1438 874 1487 domesticum
897 1439 1124 1497 dolorem,
1148 1449 1200 1485 ut
1222 1438 1428 1495 decebat,
1444 1436 1574 1486 intus

40 1511 262 1587 condidit,
305 1509 365 1560 ne
403 1514 576 1577 privata
613 1516 807 1579 publicis
827 1513 1066 1563 'anteferre
1100 1513 1347 1563 videretur.
1414 1514 1572 1570 Laetus

41 1587 176 1653 ergo,
193 1589 373 1652 populis
393 1590 442 1637 in
463 1591 570 1638 novi
591 1609 644 1640 ac
668 1593 747 1640 diu
769 1592 1009 1641 desiderati
1025 1591 1247 1657 Principis
1269 1601 1570 1655 conspectum

41 1664 472 1734 venerationemque
494 1667 698 1738 undique
719 1669 1083 1736 occurrentibus,
1109 1669 1311 1725 Romam
1333 1667 1572 1742 perrexit.⁹

45 1821 123 1854 ton.
167 1816 209 1854 in
254 1815 411 1868 Vespas.
448 1830 545 1856 xxx.
601 1819 768 1857 Nomine
846 1819 978 1872 Corfu,
1005 1819 1159 1870 appulit
1183 1817 1485 1869 promontorium
1503 1817 1571 1856 Ja-

43 1869 163 1907 ducto
180 1870 230 1907 ab
250 1882 327 1907 uno
354 1870 376 1907 ὲ
403 1871 479 1908 suis
504 1872 666 1923 regibus,
690 1886 769 1911 sor-
845 1874 1017 1925 pygium‚
1047 1873 1159 1910 hodie
1187 1871 1285 1921 Cape
1303 1871 1439 1917 Leuca,
1468 1871 1569 1909 unde

43 1923 134 1960 dido
160 1922 326 1970 homine,
348 1924 416 1973 qui
434 1924 551 1963 filiam
572 1926 766 1964 Ptolemaei
846 1926 946 1965 terra
963 1927 1035 1965 iter
1050 1926 1139 1976 egit.
1192 1925 1347 1976 Joseph.
1366 1924 1568 1964 Bell.Jud.

43 1975 195 2014 Auletae
211 1988 368 2014 uxorem
382 1977 566 2025 duxerat;
587 1986 629 2016 ut
643 1979 766 2017 videre
847 1992 926 2018 vn.
946 1979 984 2018 2.
1002 1993 1042 2018 n.
1062 1985 1098 2018 1.
1143 1979 1273 2026 Hujus
1298 1978 1441 2017 itineris
1466 1977 1567 2016 ratio

43 2037 98 2068 est
114 2029 219 2080 apud
238 2030 472 2077 Strabonem,
491 2043 601 2070 xvn.
620 2045 659 2083 p.
672 2031 763 2079 796.
844 2033 962 2085 paulo
998 2033 1119 2070 fusius
1147 2031 1221 2069 fuit
1246 2030 1488 2082 explicanda,
1522 2037 1567 2070 ut

845 2093 989 2137 pateret
1008 2086 1282 2137 Vespasianum
1310 2084 1431 2123 Roma
1457 2084 1568 2122 absu·
1636 2088 1652 2101 ²

96 2134 110 2152 ¹
141 2133 355 2174 convicium
382 2138 420 2175 in
443 2138 635 2176 tributum.
661 2138 767 2176 Viri·
843 2141 927 2187 isse,
964 2139 1054 2178 cum
1089 2138 1255 2190 spatium
1290 2138 1472 2190 Capitolii
1503 2139 1566 2178 dio

48 2188 117 2226 tim
135 2202 202 2226 sex
217 2190 362 2237 obolos,
376 2189 453 2232 τοὺς
469 2188 506 2237 ἓξ
532 2189 668 2235 moa-¹⁸25
687 2189 768 2229 κατ’
844 2199 910 2233 21.
926 2193 949 2232 J
956 2194 1033 2231 unii
1051 2193 1259 2230 dicaretur.

42 2238 161 2294 ἄνδρα,
192 2242 293 2293 exigi
322 2243 451 2293 jussit.
522 2245 612 2291 Dio,
646 2257 767 2283 var.
895 2244 915 2268 ⁴
940 2246 1164 2284 Damnatos.
1182 2246 1274 2291 Dio,
1287 2255 1409 2282 vax.
1423 2246 1564 2295 p.749.

42 2307 82 2347 p.
103 2299 196 2341 749.
236 2297 312 2334 Sex
330 2297 433 2335 oboli
452 2297 620 2336 efficiunt
649 2299 768 2350 Angl.
896 2297 910 2320 ⁵
939 2299 1188 2337 Restituerat.
1216 2299 1309 2343 Dio,
1323 2297 1416 2335 ibid.

44 2349 112 2393 911·
895 2347 914 2369 ⁶
942 2351 1181 2390 Brundisium
1224 2351 1338 2390 venit.
1382 2350 1563 2388 Proximo

95 2398 115 2419 ²
142 2401 329 2441 Seddsset.
356 2403 448 2450 Dio,
463 2400 557 2443 ibid.
841 2406 1005 2457 Japygio
1023 2405 1278 2455 promontorio
1301 2404 1563 2451 Brundisium,

98 2450 116 2479 ⁸
144 2456 344 2508 Profectus
355 2463 425 2495 est.
445 2458 626 2497 Extremo
644 2455 766 2503 Maio,
842 2471 946 2497 nunc
978 2458 1160 2504 Brindisi,
1184 2457 1298 2496 venit.
1353 2457 1413 2494 De
1439 2458 1563 2494 Brun-

44 2514 115 2547 aut
142 2509 296 2547 incunte
323 2509 455 2556 Junio,
483 2512 672 2562 profectus
698 2519 767 2558 est,
838 2512 934 2549 disio
940 2512 1023 2561 jam
1051 2512 1198 2550 dictum
1213 2523 1330 2562 supra
1344 2511 1420 2548 An.
1438 2521 1508 2549 111.
1524 2516 1561 2549 1.

44 2561 137 2601 cum
172 2563 372 2613 coepissent
406 2564 524 2602 aestivi
561 2565 685 2610 flatus,
721 2565 768 2601 de
890 2562 908 2588 ⁷
936 2565 1123 2614 Exceptus
1140 2570 1209 2602 est.
1238 2564 1330 2610 Dio,
1350 2563 1444 2601 ibid.

46 2615 189 2665 quibus
207 2616 355 2654 dictum
374 2623 430 2655 est
455 2630 570 2668 supra
589 2617 688 2655 nist.
708 2629 768 2655 lv.
892 2613 908 2636 ⁸
935 2618 1176 2657 Stultvtioeve.
1205 2617 1387 2664 Dio,1oc.
1401 2617 1469 2655 cit.
1485 2617 1561 2655 Kal

46 2671 111 2706 81.
137 2666 321 2707 Onerati&
340 2682 434 2707 nave
458 2669 627 2716 ascensa,
648 2670 768 2708 Alex·
835 2685 890 2720 μοι
911 2668 975 2708 lan.

43 2720 180 2760 andria
194 2722 387 2767 Rhodum,
399 2735 502 2761 nunc
519 2724 678 2768 Rhodes,
693 2733 767 2762 tra·
890 2686 909 2745 5
926 2725 1078 2762 Romam
1086 2724 1267 2776 perrexit.
1285 2720 1444 2769 Quanta
1459 2722 1561 2761 ordi-

38 2774 158 2824 jecit:
188 2775 276 2812 inde
298 2783 428 2814 vectus
454 2776 681 2822 triremibus,
708 2778 769 2814 lo-
838 2789 929 2815 num
947 2778 1115 2815 omnium
1136 2776 1267 2815 laetitia
1285 2776 1400 2814 fuerit
1422 2788 1561 2825 excep-

44 2826 161 2873 niam,
174 2841 264 2865 mox
277 2828 482 2876 Graeciam,
499 2830 628 2880 ibique
639 2842 767 2867 omues
837 2836 899 2867 tus
916 2831 998 2868 fuse
1022 2831 1201 2868 describit
1229 2829 1430 2883 Josephun,
1460 2827 1559 2877 Bell,

44 2881 170 2927 urbes,
187 2894 283 2932 quas
300 2883 430 2920 subter
446 2883 649 2933 navigavit,
674 2883 768 2920 invi·
835 2883 859 2922 J
865 2884 930 2924 ud.
946 2896 1028 2924 vu.
1044 2888 1085 2924 4.
1101 2896 1140 2923 ι.
1163 2889 1198 2923 1.

44 2933 115 2972 sit:
144 2934 274 2986 postea
288 2934 433 2977 solvens
448 2935 637 2991 Corcyra,
663 2948 766 2979 nunc
