1768 3236
322 188 328 193 ”
368 189 454 229 An
475 188 658 228 VITAM
685 186 919 228 CstssJL.
936 185 1251 228 Atimetum.
1507 188 1591 239 Μ

46 304 100 340 et-
121 294 164 338 in
191 292 388 349 uim-gine,
406 290 673 336 exactionem.
729 288 836 334 MS.
855 289 997 334 vatic.
1013 286 1526 343 449si,·‹'22·adiondm,··‹÷e
1543 295 1586 339 in

46 369 245 426 margine,
270 368 512 411 auctionem.
570 365 714 410 Iubae
734 364 926 409 varietate
942 365 1042 408 nihil
1061 367 1449 420 mutatas-maxime
1463 366 1582 425 cuin,
1605 421 1612 429 ⁸

44 452 149 494 teste
168 443 367 487 Suetonio
385 442 428 484 in
446 442 620 497 vespas.
641 454 750 484 xv1.
765 440 1039 496 Vespasianus
1057 446 1086 467 “
1097 436 1180 484 non
1195 436 1414 485 contentus
1428 436 1583 488 oinissa
1636 472 1644 478 ·

5 504 11 509 ⁴
45 520 126 561 sub
147 517 290 562 Galba
310 515 521 572 vectigalia
553 513 788 558 revocasset:
819 529 927 557 nova
945 523 988 557 et
1004 515 1139 571 gravia
1160 508 1362 561 addidisse
1375 504 1405 559 τ’·
1419 518 1582 562 auxisse

43 592 196 650 tributa
219 591 453 648 provinciis,
471 589 676 632 nonnullis
707 598 751 638 et
781 589 1068 644 duplicasse?
1140 589 1241 632 Hoc
1271 590 1359 632 vult
1391 585 1580 647 Tacitus}

41 666 253 710 sustulisse
290 664 531 721 Agricolam
569 679 713 706 omnes
750 662 1025 719 fraudulentas
1062 664 1252 715 rationes,
1301 664 1462 720 quibus·
1487 667 1580 711 „hoc

43 742 220 798 agebant
237 740 281 792 ii,
308 725 379 797 ‘issi
399 740 548 781 tributa
575 737 836 793 colligebant,
867 745 913 780 ut
937 738 1256 793 provincialibus
1280 736 1581 783 omnia-essent

5 840 26 866 0
43 830 232 869 onerosa,
250 814 328 856 sibi
347 813 462 856 utilia
479 822 521 855 et
540 820 844 869 quaesmosa,¹et
863 827 911 854 ea
931 813 1089 854 tantum
1113 825 1281 855 munera
1299 813 1505 855 voluisse
1496 829 1582 856 ser-

42 889 142 942 vari,
163 904 254 946 quae
273 888 428 930 tributo
448 887 714 929 convehendo
731 895 846 929 eran't
863 886 1102 933 necessaria
1131 896 1172 928 et
1201 887 1262 928 sic
1272 886 1467 944 aequalia,
1495 903 1581 959 non

43 963 178 1020 plura,
198 979 280 1005 non
300 963 457 1020 majora
472 960 742 1018 postularent.
802 954 1153 1003 Misc.0bs.1x.
1171 960 1273 1003 358.

17 1078 23 1082 ,
105 1037 222 1090 Quae,
250 1038 297 1079 in
326 1044 518 1094 quaestum
546 1043 722 1092 reperta.
782 1034 899 1077 Bene
930 1035 1190 1077 recentiores.
1250 1034 1411 1078 Male
1398 1050 1443 1078 in
1466 1045 1579 1080 vete*

42 1111 157 1154 ribus
193 1111 451 1165 editionibus,
488 1111 532 1153 in
569 1117 765 1168 quaestum
802 1117 976 1165 reperta,
1013 1105 1127 1166 quce.
1175 1109 1343 1156 Frustra
1375 1105 1577 1167 Piehenir,

6 1226 12 1230 .
41 1186 223 1243 repertis.
1099 1201 1101 1203 ·
1148 1179 1154 1192 '
1227 1195 1265 1216 -'³

50 1295 54 1298 .
105 1259 287 1304 Vendere
309 1260 458 1318 pretio.
500 1258 621 1302 MS.
641 1259 776 1302 Vatic.
803 1264 931 1308 3429.
952 1258 1090 1301 ludere
1102 1257 1269 1315 pretia*
1265 1243 1274 1258 ⁴
1318 1257 1419 1301 Non
1437 1273 1578 1301 ernen-

41 1335 236 1388 dandum,
274 1344 321 1377 ut
359 1334 493 1390 placet
538 1333 770 1385 Gronovio,
808 1333 980 1378 vendere
1013 1348 1160 1390 parvo.
1230 1332 1336 1375 Hae'c
1375 1335 1578 1376 frumenta

39 1409 191 1466 pretio,
227 1409 254 1451 a
291 1407 519 1464 publicanis
554 1404 768 1462 aestiinato‚
802 1409 1093 1450 vendebantur.
1165 1406 1373 1454 Unde-iis
1413 1423 1577 1463 nomen,

25 1482 292 1541 frumentum
308 1483 568 1535 estimatum.
1463 1484 1466 1485 ’

97 1629 219 1673 CAP.
239 1637 310 1674 20.
342 1629 510 1673 Multus
541 1630 588 1672 in
619 1630 798 1688 agmine.
835 1629 976 1672 ‘Bene
992 1659 994 1661 -
1010 1629 1114 1672 MS.
1148 1628 1284 1672 vatic.
1313 1634 1442 1677 3429.
1504 1628 1576 1673 Sic

40 1719 207 1762 quoque
221 1706 453 1762 conjecerat
471 1704 539 1748 Cl.
558 1706 610 1746 de
628 1704 668 1746 la
687 1703 880 1746 Bleterie.
941 1703 1167 1760 Perperam
1188 1713 1343 1745 veteres
1362 1703 1575 1757 editiones,

40 1778 215 1821 multum
234 1780 278 1821 in
293 1779 469 1837 agmine.
530 1778 765 1830 Rhenanus,
785 1794 908 1835 quem
926 1778 1171 1820 recentiores
1190 1787 1291 1820 sunt-
1301 1777 1449 1829 secuti,
1463 1777 1599 1820 mili--

41 1853 193 1895 tamin
207 1854 383 1911 agmine.
424 1845 588 1895 Multus
605 1863 667 1895 est
685 1853 797 1896 certe
817 1861 859 1895 et
877 1852 1113 1908 elegantior,
1132 1864 1173 1894 et
1192 1852 1287 1894 huic
1307 1852 1403 1894 loco
1421 1852 1575 1908 aptior.

43 1927 114 1968 Sic
142 1943 266 1982 supra
298 1927 448 1971 Annal.
472 1941 576 1969 ΧΠ.
595 1929 664 1970 56.
703 1932 858 1969 “rarus
891 1943 968 1982 per
1002 1926 1202 1970 Urbem.’'
1264 1926 1320 1969 Et
1349 1926 1455 1968 infra
1485 1927 1574 1970 vit.

38 2000 144 2056 Agr.
167 2015 369 2043 xxxvn.
400 2004 634 2059 “frequens
653 2002 808 2058 ubique
828 2001 1086 2058 Agricola.''⁴
1125 2001 1191 2043 Ex
1219 2000 1416 2056 corrupta
1444 2001 1575 2056 scrip-
1633 2019 1636 2022 >

39 2075 133 2119 tura
152 2084 295 2120 ortum,
310 2091 492 2118 errorem
520 2076 773 2118 crediderim.
832 2076 926 2118 Vox
947 2075 1057 2120 enim
1077 2091 1159 2118 una
1176 2074 1374 2117 excidisse
1393 2076 1574 2128 videtur;

38 2163 88 2191 ac
107 2148 323 2205 legendum
344 2159 474 2206 puto:
503 2150 656 2192 multus
674 2151 718 2192 in
736 2150 913 2208 agmine,
935 2150 1111 2192 militum
1129 2149 1303 2192 laudare
1321 2149 1572 2192 modestiam.

99 2223 377 2267 Inritamenta
406 2225 535 2281 pacis,
596 2224 764 2280 Lipsius
782 2233 824 2267 et
842 2223 1054 2267 Acidalius
1083 2222 1264 2275 mallent,
1284 2224 1572 2265 invitamenta.

41 2295 181 2340 Nobis
199 2313 364 2355 quoque
384 2298 579 2354 placeret,
595 2299 628 2341 si
647 2300 826 2340 faverent
844 2298 950 2341 libri.

101 2370 241 2414 Ταηίᾶ
258 2372 434 2415 ratione.
495 2374 599 2416 MS.
620 2373 754 2415 Vatic.
776 2379 904 2421 3429.
925 2379 965 2414 et
984 2370 1104 2414 ἰαηῒᾶ
1118 2372 1295 2414 ratione.

100 2443 226 2488 Nova
251 2462 369 2503 pars.
396 2446 494 2493 ¹,Ita
522 2446 615 2488 libri
644 2463 800 2490 omnes.
861 2446 1013 2489 Mallet
1042 2445 1292 2496 Gronovius,
1317 2452 1420 2487 nota
1440 2459 1574 2501 pars:

39 2535 137 2562 eum
156 2529 251 2562 sunt
277 2520 405 2563 secuti
430 2521 671 2565 recentiores
701 2522 940 2577 interpretes
962 2519 1076 2563 Galli
1102 2530 1144 2562 et
1170 2518 1310 2575 Angli.
1372 2518 1571 2561 Ernestus

36 2593 201 2646 retinet,
229 2609 335 2637 nova
356 2610 490 2651 pars,·
519 2596 590 2637 sed
619 2611 717 2638 mox
750 2596 948 2638 excidisse
979 2604 1098 2651 putat
1129 2595 1187 2637 sic
1221 2593 1283 2636 vel
1314 2594 1385 2636 ita.
1451 2591 1572 2635 Nihil

35 2667 210 2710 omnino
242 2669 425 2710 mutabat
458 2667 612 2711 lllustr.
641 2664 840 2724 HuetiuS,
869 2677 911 2713 et
939 2683 1090 2714 novam
1118 2674 1286 2726 partem
1320 2667 1570 2725 explicabat,

45 2739 247 2786 Romanis
260 2743 386 2785 armis
403 2742 658 2786 inaccessam.
