1768 3236
34 235 73 276 J·
92 235 140 274 C.
158 238 225 273 40.
457 231 603 271 LIBRI
631 230 838 271 OCTAVI
866 231 1187 271 ANNALIUM.
1500 240 1579 284 309

102 346 181 387 30.
216 337 425 385 Tssnno
447 335 611 383 Nonas
624 336 643 363 ¹
680 334 917 383 communi
952 345 1207 399 praetorum
1243 334 1394 386 edicto
1429 327 1578 388 coacti

36 426 218 480 patres;
261 423 459 476 votaque
497 422 789 475 nuncupata:
838 423 884 459 at
918 423 1132 459 manente
1168 410 1431 473 formidine,
1464 415 1577 464 nihil

2 530 7 537 .
35 502 271 541 statutum.
293 489 304 496 “
323 488 501 536 Audito
524 489 711 536 tandem
731 488 994 552 Principem
1015 487 1162 551 pridie
1183 489 1293 536 Idus
1314 492 1579 541 Januarias‘2

38 568 256 634 dignitate
278 584 327 615 se
349 565 600 624 abdicasse,
634 565 845 613 consules
879 564 1057 613 suffecti
1087 565 1405 631 magistratum
1427 586 1579 619 occoe-

38 662 164 710 pere.
239 645 498 692 Decretum
543 648 577 670 ‘⁶
601 655 670 702 ut,
718 643 885 707 quibus
930 643 1150 707 Augusti,
1200 643 1361 691 iisdem
1405 644 1580 699 Tiberii

39 727 74 770 ‘5
97 721 411 785 Drusillaeque
433 721 603 768 natales
625 721 905 768 solemnibus
928 720 1142 767 fierent.''
1210 719 1390 769 Dicatae
1406 721 1504 770 Caii
1527 739 1580 772 ac

15 788 266 849 'Drusillae
312 797 562 863 imagine83
622 797 812 861 ludique
867 797 1007 845 editi.³
1077 798 1260 845 Cuncta
1308 798 1409 846 haec
1456 800 1582 863 jussu

39 876 279 940 Principis,
312 875 392 940 qui
429 891 572 939 pauca
603 874 794 937 senatui,
828 875 1048 938 pleraque
1070 873 1352 934 consulibus,
1386 886 1437 924 ut
1460 893 1513 925 ea
1534 876 1582 925 in

40 964 200 1002 senatu
222 953 481 1012 recitarent,
515 951 714 1000 scribere
737 962 832 999 erat
856 941 1031 1010 solitus,
1066 951 1257 999 actitata.

108 1118 187 1158 31.
222 1110 461 1157 PRAETER
479 1119 634 1156 vetera
651 1107 835 1156 saevitiae
850 1107 1063 1171 exempla
1086 1118 1263 1156 metum
1280 1109 1425 1157 Urbis
1438 1109 1582 1159 inten-

38 1188 171 1236 derat
192 1187 379 1234 nuntius
401 1185 660 1252 Agrippam
683 1197 728 1233 et
750 1184 1079 1243 Antiochum,⁴
1110 1184 1333 1250 Principis
1362 1186 1584 1247 assiduos,

43 1276 249 1313 mentem
278 1262 441 1311 natura
472 1263 660 1311 efferam
683 1263 741 1310 ad
765 1262 922 1310 omnia
942 1279 1197 1328 regnorum
1222 1263 1425 1312 Orientis
1461 1265 1586 1314 libita

0 1381 6 1392 ,-
42 1342 322 1401 incendere.⁵
390 1341 449 1388 Iis
500 1341 825 1400 concitoribus,
875 1352 1011 1388 atrox
1046 1339 1145 1389 Caii
1191 1341 1373 1389 avaritia
1421 1342 1586 1392 Galliis

44 1419 266 1467 incubuit.
335 1419 619 1467 Animorum
653 1430 809 1467 tamen
843 1418 1118 1467 offensiones
1153 1429 1206 1465 ut
1241 1418 1507 1479 declinaret,
1540 1431 1587 1469 et

43 1498 203 1562 praeda
231 1496 383 1545 laetius
411 1497 695 1556 succederet,
728 1497 870 1561 coepit
906 1496 1133 1545 miscellos
1169 1492 1336 1544 ludos⁶
1363 1497 1586 1562 Lugduni

46 1575 203 1634 edere,
260 1573 692 1639 compendiariaque
742 1574 1111 1639 spectaculorum
1162 1573 1375 1621 varietate
1424 1573 1590 1623 Gallos

46 1652 326 1700 demulcere.
396 1652 540 1700 Genti
585 1669 774 1717 quoque
810 1652 921 1700 olim
960 1650 1109 1714 bellis,
1143 1661 1254 1698 tunc
1295 1649 1434 1698 literis
1478 1667 1589 1700 cum

46 1729 248 1793 pristinae
270 1729 448 1778 virtutis
471 1730 744 1778 detrimento
763 1729 969 1795 operanti
985 1728 1339 1795 gratificaturus,
1358 1738 1591 1776 certamen

48 1807 234 1855 Graecae
258 1807 524 1871 Latinaeque
547 1806 774 1856 facundiae
789 1811 806 1838 ⁷
828 1806 1084 1872 proposuit,
1119 1804 1172 1853 ea
1197 1805 1318 1870 lege,
1353 1809 1387 1833 “
1410 1816 1462 1853 ut
1483 1805 1591 1854 victi

50 1886 82 1909 “
115 1883 304 1948 praemia
339 1883 588 1934 victoribus
625 1883 906 1944 conferrent,
941 1899 1197 1948 eorumque
1221 1882 1379 1931 laudes
1401 1900 1590 1948 compo-

45 2083 187 2122 diutius
200 2099 270 2136 per
286 2086 554 2127 simulationem
573 2095 739 2139 agentes,
749 2096 792 2127 ut
858 2087 904 2124 oi
923 2086 957 2124 ἐκ
971 2089 1025 2129 τῖς
1051 2085 1215 2139 cignis-eas
1240 2082 1422 2136 mrbwgc'r
1440 2098 1475 2121 τε
1493 2080 1600 2123 imfi-

0 2137 3 2180 ’,
45 2139 214 2188 quoniam
231 2154 345 2190 neque
362 2155 486 2180 carum
500 2157 577 2180 eum
598 2144 789 2188 habebant,
857 2150 971 2178 λεπιν.

0 2215 2 2219 -
46 2205 160 2242 neque
175 2194 315 2231 salvum
338 2195 545 2244 cupiebant,
572 2198 790 2235 senteutiam
910 2192 1437 2246 ⁴AgrippametAntiochum.
1465 2191 1604 2242 Agrip-

0 2283 4 2300 ;
50 2245 90 2282 eb
104 2258 208 2284 suam
226 2248 470 2290 occultarent,
859 2261 946 2299 pam
978 2251 1009 2285 l.
1042 2248 1108 2297 qui
1144 2246 1327 2296 Philippi,
1366 2245 1536 2296 Lysaniae
1566 2252 1605 2283 et

408 2305 413 2310 '
863 2303 1025 2340 Herodis
1056 2300 1277 2338 tetrarchias
1309 2307 1524 2350 acceperat,
1562 2306 1605 2337 ut

103 2350 118 2367 ¹
151 2352 281 2390 Tertio
299 2354 446 2392 Nonas.
502 2356 578 2394 Die
595 2358 705 2394 tertio
723 2357 789 2395 Ja-
861 2356 1009 2393 dictum
1041 2363 1095 2392 est
1130 2366 1246 2403 supra
1274 2353 1313 2390 in
1343 2353 1603 2404 Supplement.

0 2414 9 2451 'j
48 2406 189 2443 nuarii.
236 2407 335 2452 Dio,
378 2408 452 2446 loc.
488 2410 555 2447 cit.
611 2411 696 2448 Hoc
731 2411 793 2447 die
864 2409 1004 2446 Annal.
1035 2420 1113 2445 vn.
1143 2413 1204 2444 ll.
1230 2418 1327 2444 vlu.
1356 2411 1416 2444 18.
1471 2406 1607 2444 Antio-

0 2459 7 2486 '·'
36 2457 374 2510 'nuncupabantur
393 2470 492 2506 vota.
548 2464 641 2500 Inde
657 2464 695 2501 iu
715 2465 794 2502 Ka·
863 2464 980 2500 chum
1010 2463 1080 2499 IV.
1103 2473 1223 2511 regem
1254 2461 1532 2509 Commagenae,
1561 2460 1608 2496 de

0 2552 22 2576 ,Γ
49 2512 220 2550 lendario
257 2515 532 2563 Henvartiano,
578 2529 643 2554 111
677 2530 791 2556 NON.
862 2530 940 2567 quo
959 2528 1113 2566 quoque
1131 2513 1607 2564 suprainSuppLAnnal.

0 2581 9 2629 ᾗ
50 2578 265 2604 IANVAR.
343 2581 477 2607 LVDI.
555 2582 790 2609 voronvn
865 2583 943 2608 vn.
969 2576 1029 2609 ll.

0 2636 11 2666 ι.
51 2631 396 2661 vicvx‘ATm.
920 2623 932 2643 ⁵
965 2623 1183 2662 Incendere.
1239 2621 1331 2667 Dio,
1350 2633 1442 2659 mx.
1459 2633 1499 2671 p.
1516 2616 1610 2658 658.

10 2682 14 2690 ’
102 2670 121 2688 ²
148 2673 278 2712 Pridie
316 2676 411 2714 Idus
439 2675 659 2715 Januan'as.
697 2678 795 2715 ·Die
917 2673 935 2694 ⁶
963 2676 1157 2714 Miscellos
1199 2675 1318 2712 ludos.
1362 2672 1528 2712 ‘Suetom
1572 2675 1613 2714 in

12 2767 13 2772 ¹
51 2725 283 2767 duodecimo
301 2729 488 2767 Januarii.
530 2730 617 2776 Dio,
633 2731 707 2768 loc.
726 2731 794 2768 cit.
866 2731 975 2776 Cain,
1017 2743 1094 2767 xx.
1151 2729 1240 2766 Non
1276 2740 1394 2767 unam
1429 2727 1613 2764 ludorum

53 2779 232 2819 Rotunde
261 2783 464 2820 Suetonius
490 2783 528 2820 iu
547 2784 656 2831 Caio,
686 2796 798 2822 xvn.
865 2785 1044 2835 speciem,
1087 2782 1151 2820 scd
1189 2795 1236 2819 ex
1274 2781 1386 2818 variis
1430 2781 1612 2818 ludorum

11 2834 34 2877 T,
53 2833 169 2871 Caius
212 2835 364 2873 tertium
403 2836 644 2875 consulatum
689 2838 799 2888 gessit
867 2838 1065 2889 speciebus
1101 2834 1387 2886 compendiario
1428 2834 1615 2884 composi-

11 2893 22 2916 '·=
53 2892 168 2936 usque
186 2888 226 2924 in
244 2889 337 2927 Idus
355 2889 547 2928 Januarii.
870 2898 962 2929 tam.

21 2987 27 2993 ι
107 2936 125 2959 ⁸
154 2939 325 2992 Ludique
343 2944 447 2982 editi.
504 2945 568 2982 Ab
597 2945 799 2985 orchestrae
922 2941 938 2965 ⁷
970 2944 1113 2982 Graecae
1154 2922 1376 2992 tuumque
1405 2939 1616 2993 sacundioe.

15 2995 22 3012 ⁸
55 2993 234 3032 societate
252 2996 344 3034 editi
363 3006 465 3035 sum.
519 2998 610 3044 Dio,
639 2998 713 3036 loc.
733 2999 801 3036 cit.
873 2997 1029 3038 Sueton.
1046 3000 1086 3035 in
1104 2996 1212 3040 Caio.
1243 3008 1321 3033 xx.

1313 3103 1368 3130 -v

740 3180 791 3228 *L
