1768 3236
430 194 712 240 DIALOGUS
742 197 819 237 DE
846 197 1208 237 ORATORIBUS.
1506 201 1579 237 151

44 303 249 368 civitatiS,
281 323 352 366 ac,
386 306 534 354 donec
565 302 716 362 libuit,
747 302 974 366 principes
995 299 1102 360 fori,
1136 317 1260 350 nunc
1283 299 1510 365 principes
1531 300 1580 350 in

47 387 243 436 Caesaris
275 383 468 433 amicitia
488 386 500 405 ¹
540 391 686 447 agunt
722 379 968 444 feruntque
1007 390 1188 437 cuncta,
1222 389 1360 443 atque
1394 380 1450 426 ab
1481 379 1581 442 ipso

46 464 257 528 Principe
279 479 386 511 cum
410 460 610 526 quadam
645 457 899 506 reverentia
923 457 1190 522 diliguntur.
1260 456 1383 519 Quia
1412 459 1584 520 Vespa-

47 541 216 600 sianus,
238 539 505 588 venerabilis
527 553 686 594 senex,
710 546 755 582 et
777 534 1124 607 patientissimus
1146 532 1279 592 veri?
1311 532 1430 580 bene
1453 533 1585 581 intel-

45 618 164 683 ligit,
197 629 373 666 ceteros
394 615 581 681 quidem
604 612 774 660 amicos
796 629 903 659 suos
924 611 1006 658 niti
1026 610 1095 670 iis,
1129 627 1234 674 quae
1258 611 1314 658 ab
1337 610 1435 674 ipso
1458 627 1584 659 acce-

48 695 215 761 perint,
271 711 468 759 quaeque
501 691 599 755 ⁴ipsi
645 690 953 748 accumulare,
1004 700 1049 737 et
1094 688 1142 735 in
1175 689 1286 736 alios
1332 704 1585 753 congerere

49 784 286 838 promtum
322 782 416 819 est:
454 769 734 817 Marcellum
769 778 923 814 autem
945 778 990 813 et
1015 765 1251 830 Crispum,
1284 765 1487 813 attulisse
1525 767 1583 814 ad

49 849 289 899 amicitiam
311 864 458 906 suam,
490 846 616 911 quod
638 861 734 891 non
759 843 785 890 a
807 843 1017 907 Principe
1038 843 1312 906 acceperint,
1335 859 1420 891 nec
1440 843 1586 906 accipi

49 927 203 992 possit.
273 925 522 974 Minimum
561 923 678 970 inter
699 932 766 968 tot
788 937 839 968 ac
863 932 987 968 tanta
1022 920 1178 968 locum
1200 919 1406 967 obtinent
1428 920 1586 985 imagi-

49 1022 150 1064 nes,
183 1021 235 1052 ac
258 1003 391 1061 tituli,
425 1013 470 1049 et
492 1011 668 1058 statuae,
703 1015 808 1062 quae
843 1014 995 1061 neque
1029 997 1124 1062 ipsa
1162 1009 1314 1044 tamen
1344 997 1586 1062 negligun-

0 1118 1 1122 ,
53 1093 159 1130 tur:
212 1093 306 1128 tam
349 1079 557 1137 hercule,
598 1077 740 1142 quam
784 1075 967 1134 divitiae,
1002 1086 1047 1122 et
1090 1091 1218 1138 opeS,
1250 1091 1364 1138 quas
1407 1073 1589 1123 facilius

18 1188 22 1197 ι
52 1152 253 1207 invenies
283 1158 361 1222 qui
396 1157 638 1220 vituperet,
673 1154 815 1219 quam
855 1154 934 1218 qui
969 1152 1176 1200 fastidiat.
1246 1152 1332 1199 His
1364 1151 1505 1217 igitur
1543 1165 1589 1200 et

52 1236 322 1294 honoribus,
356 1247 402 1283 et
437 1233 731 1292 ornamentis,
766 1243 810 1280 et
849 1229 1154 1288 facultatibuS,
1199 1228 1387 1277 refertas
1423 1231 1588 1277 domos

5 1342 9 1343 ν
52 1331 216 1363 eorum
236 1313 463 1371 ridemus,
487 1312 565 1376 qui
588 1328 636 1359 se
658 1312 714 1358 ab
736 1309 922 1373 ineunte
944 1306 1246 1356 adolescentia
1269 1305 1413 1354 causis
1435 1305 1588 1354 foren-

54 1391 179 1439 sibus
201 1402 246 1438 et
268 1389 466 1438 oratorio
490 1387 640 1436 studio
664 1387 905 1449 dederunt.

123 1551 169 1592 9.
193 1547 323 1593 NAM
349 1543 549 1592 carmina
571 1555 615 1591 et
636 1560 813 1602 versus,
837 1542 1003 1607 quibus
1024 1553 1167 1589 totam
1189 1540 1328 1589 vitam
1351 1541 1592 1587 Maternus

55 1622 285 1671 insumere
307 1633 449 1686 optat,
474 1621 604 1686 (inde
627 1621 748 1668 enim
767 1619 916 1669 omnis
938 1619 1071 1666 fluxit
1088 1618 1258 1680 oratio)
1279 1634 1430 1682 neque
1447 1617 1593 1682 digni-

57 1711 195 1748 tatem
213 1699 355 1747 ullam
371 1697 632 1746 auctoribus
654 1697 746 1744 suis
764 1695 1022 1754 conciliant,
1045 1713 1195 1760 neque
1213 1695 1423 1743 utilitates
1439 1695 1591 1743 alunt:

57 1778 338 1841 voluptatem
360 1787 512 1823 autem
534 1777 741 1832 brevem,
777 1774 960 1821 laudem
993 1773 1174 1822 inanem
1197 1784 1242 1820 et
1263 1771 1595 1820 infructuosam

57 1865 416 1918 consequuntur.
484 1852 615 1900 Licet
654 1852 754 1899 haec
789 1851 904 1916 ipsa,
955 1862 1000 1898 et
1039 1868 1144 1914 quae
1184 1850 1348 1898 deinde
1388 1851 1594 1898 dicturus

58 1949 179 1990 sum,
225 1947 369 1978 aures·
392 1942 502 1988 tuae,
553 1929 583 1977 ὂ
625 1931 854 1988 Materne,
901 1936 1133 1992 respuant,
1167 1928 1241 1976 cui
1278 1930 1403 1976 bono
1440 1939 1523 1986 est,
1559 1926 1595 1974 si

57 2009 179 2072 apud
203 2020 246 2056 te
270 2011 613 2072 Agamemnon,
632 2000 710 2054 aut
726 2009 863 2056 Jason
881 2010 891 2034 ³
911 2006 1077 2054 diserte
1097 2005 1332 2071 loquitur?
1367 2006 1468 2069 quis
1489 2005 1594 2051 ideo

58 2086 251 2132 domum
285 2084 516 2143 defensuS,
551 2096 595 2132 et
634 2084 715 2131 tibi
755 2085 982 2149 obligatus
1020 2084 1169 2132 redit?
1241 2083 1358 2146 Quis
1394 2082 1596 2131 Saleium
1627 2102 1630 2104 ’

57 2174 286 2221 nostrum,
321 2162 558 2227 egregium
582 2174 780 2226 poetam,
815 2164 906 2221 vel,
941 2162 977 2209 si
1000 2162 1089 2209 hoc
1113 2161 1486 2208 honorificentius
1509 2171 1595 2218 est,

60 2239 458 2303 praeclarissimum
480 2241 630 2287 vatem
654 2240 855 2299 deducit,
879 2251 956 2287 aut
979 2241 1157 2297 salutat,
1172 2250 1248 2289 aut
1271 2236 1595 2301 prosequitur?

61 2317 261 2379 Nempe,
295 2316 331 2363 si
365 2316 536 2364 amicus
569 2319 683 2381 ejus,
717 2317 753 2364 si
787 2317 1089 2380 propinquus,
1124 2316 1159 2363 si
1191 2315 1388 2379 denique
1417 2314 1512 2378 ipse
1548 2314 1596 2361 in

61 2393 247 2457 aliquod
285 2393 522 2458 negotium
555 2393 779 2452 inciderit,
822 2395 879 2442 ad
910 2394 1034 2441 hunc
1069 2393 1338 2441 Secundum
1372 2402 1596 2449 recurret,

62 2482 140 2517 aut
174 2470 232 2516 ad
263 2482 324 2528 te,
359 2473 587 2530 Materne,
622 2488 735 2530 non,
771 2472 876 2535 quia
910 2482 1044 2535 poeta
1079 2488 1144 2530 es,
1178 2487 1329 2533 neque
1352 2480 1402 2516 ut
1424 2485 1510 2533 pro
1541 2485 1597 2516 eo

64 2545 424 2599 versus'facias:
477 2548 524 2596 hi
576 2549 697 2599 enim
743 2551 884 2598 Basso
929 2548 1054 2597 domi
1101 2559 1367 2606 nascuntur,
1418 2541 1600 2614 pulchri

119 2701 131 2718 ¹
155 2702 313 2740 Caesarz's
332 2702 507 2741 amicitid.
563 2704 797 2755 Vespasiani.
867 2704 1104 2742 tientissimus
1122 2704 1202 2741 veri
1218 2704 1373 2740 dicitur.

118 2754 136 2771 ²
178 2757 475 2798 Patientissimus
508 2758 600 2795 veri,
667 2758 795 2802 Quam
922 2755 936 2776 ³
956 2759 1220 2808 Agamemnon,
1239 2762 1305 2794 aut
1322 2756 1454 2795 Jason.
1509 2756 1603 2792 Tra-

66 2809 216 2847 facilem
248 2810 404 2847 literatis
438 2810 525 2847 viris
554 2825 591 2847 se
619 2813 799 2860 praeberet
868 2812 1007 2861 goedias
1024 2812 1211 2849 scribebat
1226 2811 1444 2856 Maternus3
1465 2819 1508 2848 ut
1527 2810 1603 2858 jam

66 2864 321 2913 Vespasianus
351 2864 475 2900 videre
491 2873 543 2901 est
561 2866 663 2915 apud
686 2865 801 2902 Plini·
869 2865 1030 2902 vidimus
1057 2878 1184 2916 supra.
1240 2863 1336 2901 Haec
1364 2872 1492 2902 autem
1516 2870 1605 2903 sunt

68 2929 146 2962 um,
177 2929 245 2954 111.
275 2917 345 2966 Ep.
369 2920 404 2953 5.
463 2918 513 2955 Ut
546 2931 607 2955 cos
639 2919 799 2964 audiret,
871 2919 1134 2968 tragoediarum
1153 2925 1384 2967 argumenta.

67 2970 242 3011 noctibus
271 2972 460 3011 utebatur,
516 2972 607 3009 Inde
626 2972 720 3010 forte
735 2985 803 3023 pa.-
