1768 3236
469 191 752 246 nameus
781 205 859 250 121:-
883 206 1253 250 ‘ORATomBUs
1558 219 1639 261 ιω

89 305 340 375 incipiens:
376 310 648 374 Quoniam'
634 309 760 377 mitia
781 322 827 359 et
847 311 1022 359 semina
1043 314 1208 362 veteris
1231 315 1508 380 eloquentia}
1524 319 1638 368 satis

87 386 430 437 demonstrasse
461 387 642 448 videor,
674 389 887 436 docendo
917 389 1087 453 quibus
1120 391 1292 439 artibus
1328 394 1501 459 antiqui
1535 413 1638 445 om

84 477 214 514 tores
236 465 408 514 institui
431 465 697 530 erudirique
717 465 838 514 soliti
859 465 967 524 sint,
989 483 1241 531 persequar
1266 485 1391 519 nunc
1414 473 1635 522 exercita*

86 543 240 591 tiones
262 559 445 602 eorum,
475 559 759 607 quamquam
780 542 887 607 ipsis
909 543 1083 591 artibus
1104 544 1221 593 inest
1242 547 1525 608 exercitatio,
1547 566 1634 601 nec

88 620 337 685 quisquam
360 620 596 685 percipere
617 631 687 668 tot
708 620 985 678 reconditam,
1003 633 1083 669 aut
1104 632 1199 669 tam
1221 623 1367 671 varias
1380 640 1454 672 res
1467 639 1650 689 potest,

84 698 174 747 nisi
195 709 249 746 ut
265 702 276 720 ¹
300 698 499 748 scientiae
523 698 773 758 meditatio,
804 699 1086 747 meditationi
1107 698 1318 760 facultas,
1340 699 1544 752 facultati
1565 705 1639 754 vi's

82 777 367 841 eloquentiae
389 778 575 824 accedat
595 793 607 824 :
644 792 728 839 per
751 793 857 840 quae
881 777 1114 842 colligitur
1136 779 1349 827 eamdem
1379 796 1478 829 esse
1498 782 1635 830 ratio*

85 869 216 913 nem,
239 865 284 902 et
307 853 603 917 percipiendi,
639 870 744 917 quae
766 851 993 917 proferas,
1027 866 1073 901 et
1095 853 1378 918 proferendi,
1401 845 1508 922 quae
1529 876 1634 923 per-

81 931 292 996 ceperis:
329 931 410 979 sed
432 931 469 979 si
490 931 566 979 cui
589 930 858 979 obscuriora
878 931 980 979 haec
1002 931 1233 991 videntur,
1246 932 1381 997 isque
1396 934 1632 986 scientiam

82 1010 146 1057 ab
168 1009 494 1057 exercitatione
527 1020 721 1073 separat,
757 1008 804 1055 id
838 1009 964 1057 certe
998 1009 1240 1068 concedet,
1269 1010 1548 1062 instructum
1580 1026 1633 1062 et

80 1087 281 1151 vxplenum
325 1086 396 1134 his
438 1086 610 1134 artibus
656 1086 882 1145 animum,
939 1086 1080 1152 longe
1131 1088 1407 1151 paratiorem
1449 1090 1509 1139 ad
1552 1107 1630 1140 eas

84 1163 435 1212 exercitationes
478 1174 744 1222 venturum,
801 1181 907 1227 quae
946 1157 1146 1228 propriae
1188 1165 1311 1214 circa
1347 1167 1595 1218 oratoriam
1611 1171 1630 1191 ²

83 1241 314 1290 videntur.

155 1406 233 1447 34.
269 1398 418 1447 ERGO
443 1399 566 1462 apud
588 1401 785 1465 majores
806 1410 989 1446 nostros
1014 1394 1195 1463 juvenis
1224 1400 1319 1459 ille,
1351 1401 1430 1465 qui
1452 1399 1557 1450 foro
1578 1414 1631 1452 et

79 1475 362 1541 eloquentiae
407 1478 667 1540 parabatur,
702 1477 908 1524 imbutus
941 1478 1038 1541 jam
1073 1477 1324 1526 domestica
1369 1477 1626 1544 disciplina,

76 1552 282 1602 ·refertus
304 1554 507 1603 honestis
529 1555 705 1613 studiis,
729 1555 1043 1602 deducebatur
1065 1554 1094 1602 a
1116 1567 1261 1619 patre,
1284 1556 1359 1604 vel
1391 1555 1418 1604 a
1440 1557 1626 1622 propin-

85 1631 205 1696 quis,
240 1632 298 1680 ad
334 1649 443 1680 eum
479 1644 730 1692 oratorem,
770 1633 850 1698 qui
890 1633 1143 1720 principem
1169 1633 1217 1679 in
1251 1633 1428 1681 civitate
1466 1634 1625 1683 locum

76 1709 339 1758 obtinebat:
349 1711 483 1759 hunc
501 1711 680 1770 sectari,
698 1712 823 1759 hunc
838 1711 1072 1775 prosequi,
1087 1711 1224 1775 hujus
1237 1711 1453 1759 omnibus
1468 1711 1626 1760 dictio-

80 1787 247 1835 nibus
235 1799 469 1847 interesse,
484 1788 577 1836 sive
600 1789 647 1835 in
664 1789 862 1854 judiciis,
881 1788 973 1836 sive
996 1788 1044 1834 in
1067 1774 1366 1836 concionibus
1387 1789 1626 1838 adsuesce-

81 1863 178 1924 bat,
199 1864 261 1912 ita
282 1877 334 1912 ut
355 1865 668 1930 altercationes
685 1883 873 1930 quoque
897 1865 1127 1929 excipere,
1142 1877 1187 1912 et
1204 1865 1367 1931 jurgiis
1389 1866 1626 1926 interesse,

83 1954 228 2007 utque
248 1943 313 1991 sic
337 1943 552 2001 dixerim,
586 1961 795 2009 pugnare
818 1944 866 1991 in
896 1943 1056 2008 praelio
1080 1943 1303 1991 disceret:
1341 1961 1537 2009 magnus
1562 1962 1625 1993 ex

84 2019 174 2068 hoc
207 2037 333 2079 usus,
369 2021 569 2067 multum
600 2020 883 2079 constantiae,
919 2020 1172 2084 plurimum
1198 2021 1356 2085 judicii
1377 2022 1626 2086 juvenibus

77 2098 230 2146 statim
253 2098 563 2163 contingebat,
596 2098 644 2145 in
679 2098 832 2146 media
863 2098 967 2146 luce
1002 2099 1308 2156 studentibus,
1342 2109 1479 2162 atque
1504 2099 1651 2147 inter-

80 2175 179 2240 ipsa
231 2175 508 2234 discnimina,
560 2176 639 2223 ubi
685 2192 823 2222 nemo
870 2175 1061 2239 impune
1114 2175 1252 2222 stulte
1309 2175 1498 2239 aliquid,
1543 2188 1623 2224 aut

81 2253 307 2301 contrarie
338 2253 463 2312 dicit,
485 2253 750 2317 ‚quominus
784 2266 829 2301 et
858 2255 1006 2319 judex
1035 2264 1237 2316 respuat,
1271 2264 1317 2301 et
1339 2253 1624 2302 adversarius

82 2333 350 2394 exprobret,
385 2330 470 2395 ipsi
493 2331 690 2396 denique
714 2332 921 2380 advocati
954 2343 1268 2395 aspernentur.
1338 2330 1485 2395 Igitur
1512 2330 1625 2378 vera

14 2423 19 2426 ’
79 2408 234 2456 statim
276 2419 323 2455 et
361 2408 645 2474 incorrupta&
674 2409 950 2474 eloquentiae
982 2409 1339 2457 imbuebantur:
1382 2419 1427 2455 et
1462 2425 1622 2473 quam-

79 2501 221 2550 quam
271 2501 418 2541 unum
461 2499 781 2551 sequerentur,
828 2498 982 2535 tamen
1024 2502 1187 2533 omnes
1235 2486 1442 2551 ejusdem
1478 2485 1622 2534 aetatis

77 2573 299 2627 patronos
315 2562 363 2609 in
385 2561 594 2627 plurimis
608 2575 653 2611 et
675 2564 820 2612 causis
839 2575 883 2611 et
892 2563 1072 2628 judiciis
1094 2564 1457 2627 cognoscebant:
1483 2564 1620 2611 habe-

79 2639 283 2704 bantque
315 2639 455 2704 ipsius
488 2640 647 2704 populi
682 2641 1092 2691 diversissimarum
1124 2641 1306 2688 aurium
1329 2640 1525 2704 copiam,
1558 2658 1621 2690 ex

78 2716 173 2782 qua
203 2715 339 2765 facilc
363 2717 760 2781 deprehenderent
786 2719 898 2783 quid
930 2719 978 2766 in
1013 2736 1200 2784 quoque
1230 2719 1304 2766 vel
1327 2720 1620 2782 probaretur,

132 2869 147 2887 ¹
178 2872 270 2910 Nisi
286 2879 342 2911 ut.
381 2872 520 2912 Manet
539 2873 683 2913 illustr.
704 2874 812 2913 Hue-
883 2874 1144 2912 mendandum
1165 2874 1326 2919 videtur,
1352 2872 1517 2923 proprioe
1533 2885 1619 2910 ora-

81 2925 170 2972 tius,
198 2927 271 2964 nisi
286 2932 337 2965 et.
701 2980 708 2983 “
883 2934 1018 2966 torum.
1075 2928 1175 2966 Vide
1206 2935 1287 2966 not.
1318 2934 1357 2965 et
1386 2926 1534 2965 emend.
1565 2927 1615 2964 ad

131 2975 153 2995 ²
176 2979 351 3033 -Proprioe
367 2981 469 3021 circu
485 2982 705 3021 oratoriam.
760 2982 811 3021 E·
883 2995 970 3034 cap.
989 2985 1057 3020 33.
