1768 3236
136 191 217 229 380

681 185 1133 226 SUPPLEMEN'I'UM

1401 187 1453 226 A.
1468 186 1518 227 U.
1529 187 1575 227 C.
1593 189 1688 234 795.

137 284 391 346 emittendo
413 304 586 355 augere
606 287 837 338 incassum
860 288 1049 337 molitus
1073 299 1158 348 est,
1191 288 1493 355 prodigentiae
1515 307 1622 340 reus
1642 300 1691 340 et

134 369 360 417 adversus
400 366 636 415 luxuriam
674 366 934 423 invalidus.¹

1001 367 1199 415 Portum
1234 367 1349 416 vero
1387 367 1690 430 Ostiensem:

137 446 166 494 a
211 446 318 494 divo
357 447 384 496 J
386 446 479 509 ulio
495 447 509 474 ³
555 462 679 510 saepe
723 444 1018 503 destinatum,
1053 461 1235 509 semper
1273 446 1334 493 ob
1375 445 1689 494 difficultatem
1716 470 1721 471 ⁷

138 523 381 583 omissum,
432 540 519 584 nec
568 523 654 571 nisi
704 522 928 588 Trajani‚4
977 522 1200 587 Principis
1246 522 1423 587 optimi,
1478 523 1699 586 auspiciis

135 601 489 661 absolvendum,
522 599 704 649 felicius
727 599 883 664 coepit,

949 599 1166 648 Primum
1188 616 1506 665 repugnavere
1535 599 1684 648 archi-
1726 617 1735 623 ’

136 678 278 727 tecti-⁵
346 680 441 728 Sed
476 678 584 727 vicit
615 678 840 743 Principis
878 678 1137 727 auctoritas.
1205 674 1496 726 Immensum
1534 688 1689 743 egesta

135 767 257 805 terra
272 775 287 818 ;
307 753 327 779 ⁶
382 772 602 823 mareque
658 756 953 805 immissum.⁷

139 948 170 987 ti
198 950 245 987 de
263 948 459 989 Columna
475 952 630 1002 Trajani
657 953 879 1005 Syntagma,

140 1015 182 1053 p.
209 1008 286 1042 385
321 1013 359 1043 et
386 1019 465 1055 seq.
524 1007 639 1045 Errat
666 1008 754 1046 vero
790 1008 886 1055 Dio,

142 1068 217 1095 Lx.
237 1072 275 1109 p.
295 1056 389 1103 672.
408 1059 500 1097 cum
526 1061 582 1098 ait
612 1060 744 1099 lacum
764 1062 878 1100 Fuci-

142 1122 238 1149 num
257 1113 369 1150 fuisse
386 1113 579 1161 emissum,
607 1122 652 1153 ut
677 1116 797 1166 magis
814 1128 881 1154 na·

143 1165 318 1215 vigabilis
337 1167 443 1205 fieret
460 1169 622 1207 Tiberis.
682 1170 728 1206 In
748 1170 881 1218 Lirim,

1044 756 1238 806 Grande
1292 755 1446 805 adhuc
1499 754 1689 804 accessit

948 954 1004 995 τῗὶς
1017 950 1180 995 'orturis
1195 950 1290 993 ἦιᾶνος
1303 949 1600 1004 ἆικκιθῃςιίμυος,
1629 961 1690 992 λι.
1728 955 1732 957 ’

949 1005 1049 1057 ptime
1081 1005 1330 1056 ἐμποιήσασθαι
1346 1006 1407 1043 καὶ
1426 1003 1581 1055 »abnexa
1605 1008 1688 1061 πρὸς

956 1058 1119 1101 τοσαύτην
1135 1057 1321 1106 ἀξιόπιστοι
1338 1058 1525 1097 ναυτιλίαν.
1553 1060 1690 1100 Ρνοτί-
1723 1083 1726 1085 Δ

950 1127 1007 1151 mo
1032 1115 1130 1152 Urbi
1161 1113 1257 1152 mari
1289 1113 1456 1152 claustra
1485 1116 1690 1165 aggeribus
1731 1122 1734 1131 ¹

950 1168 1148 1218 imponere,
1186 1180 1388 1217 caecumque
1420 1172 1455 1205 et
1486 1167 1690 1220 importuo-

142 1218 258 1258 hodie
287 1220 516 1273 Gaxrigliano
542 1222 699 1261 emissus
730 1230 785 1261 est
800 1238 818 1263 ε’
838 1225 879 1262 in
947 1235 1026 1260 sum
1046 1222 1160 1261 Ostiae
1177 1221 1285 1259 littus
1303 1234 1521 1272 repurgare,
1533 1235 1578 1260 ac
1597 1236 1690 1274 por-

142 1272 313 1312 Tiberim
345 1287 559 1326 numquam
587 1277 717 1327 potuit
743 1278 881 1316 emitti.

146 1327 353 1367 Peractum
386 1328 411 1366 a
440 1330 609 1368 Claudio
645 1331 882 1370 emissarium

141 1380 236 1419 olim
268 1382 473 1422 meditatus
501 1380 624 1422 fuer‘at
656 1387 879 1435 Augustus;

143 1436 209 1473 sed
228 1437 387 1484 abstitit,
417 1437 540 1476 victus
573 1439 756 1489 precibus
775 1440 882 1477 Mar-

140 1502 287 1536 sorum,
305 1491 372 1541 qui
391 1491 483 1530 lacu
501 1494 720 1531 utebantur.
767 1493 874 1531 Idem

140 1544 346 1582 consilium
363 1545 573 1596 agitaverat
585 1546 715 1585 Julius
735 1548 875 1595 Caesar,

140 1603 233 1635 teste
250 1597 433 1636 Suetonio
458 1599 498 1636 in
514 1599 538 1638 J
544 1600 596 1638 ul.
616 1612 738 1638 xmv.
794 1600 875 1639 Sic—

139 1663 228 1689 care
259 1651 478 1703 Pomptinas
507 1654 675 1704 palade&
707 1654 875 1693 emittere

139 1704 320 1744 Fucinum
336 1706 457 1746 lacum
472 1708 681 1759 cogitabat.

194 1812 208 1830 ¹
254 1813 467 1854 Invalidus.
525 1814 729 1860 Quantula
771 1817 872 1855 enim

138 1867 245 1906 haec!
290 1867 410 1919 quam
454 1868 652 1906 imbecilla
696 1870 873 1908 adversus

137 1921 337 1973 luxuriam
363 1923 492 1961 omnia
518 1928 726 1961 vastantem
756 1937 872 1963 reme-

140 1975 226 2016 dia!

194 2026 213 2045 ²
260 2028 478 2070 Ostiensem.
539 2031 677 2070 Manet
719 2032 877 2083 quidem

139 2095 292 2132 nomen,
332 2083 468 2123 Porto.
524 2086 580 2125 At
615 2092 749 2136 portus
783 2087 877 2138 ipse,

139 2137 233 2176 cum
261 2151 330 2189 per
358 2144 556 2177 sexcentos
574 2139 796 2191 etamplius
812 2154 879 2179 an-

138 2203 208 2230 nos
242 2190 426 2240 durasset,
463 2193 722 2232 Barbarorum
755 2195 878 2243 bellis,

131 2246 407 2284 Romanorum
454 2246 616 2293 incuriA,
674 2248 878 2287 ruderibus

135 2298 309 2350 limoque
336 2301 544 2349 obductus,
571 2301 726 2352 penitus
753 2303 879 2353 periit.

138 2352 337 2404 Nuncque
373 2367 439 2393 rus
470 2361 538 2403 est,
577 2355 646 2393 ubi
679 2356 754 2394 fuit
783 2356 876 2394 olim

136 2414 271 2459 portus
299 2408 563 2448 Romanorum
594 2408 877 2449 celeberrimus.

139 2461 343 2512 Egregiam
384 2463 466 2514 ejus
503 2463 796 2514 descriptionem
838 2471 878 2503 et

139 2514 458 2566 ichnographiam
477 2517 563 2555 vide
581 2518 686 2568 apud
706 2518 878 2557 Corneli-

137 2580 207 2607 um
226 2569 375 2621 Meyer,
403 2570 534 2609 I'Artc
561 2571 601 2609 di
627 2572 823 2612 restituire
852 2586 875 2611 a

137 2622 259 2661 Roma
299 2625 337 2662 la
374 2624 598 2663 tralasciata
635 2626 876 2678 navigatione

139 2676 203 2714 del
216 2690 283 2715 suo
303 2677 458 2716 Tevere.
477 2679 576 2717 Tab.
593 2683 632 2717 2.

190 2726 206 2749 ³
236 2731 274 2769 A
322 2732 409 2769 divo
453 2731 574 2771 Julio.
630 2733 789 2771 Sueton.
834 2734 873 2772 in

139 2781 282 2822 Claud.
319 2797 397 2824 xx.
466 2786 604 2825 Fusius
641 2785 873 2826 Plutarchus

137 2837 179 2874 in
194 2837 278 2876 Jul.
297 2850 338 2889 p.
355 2843 449 2883 735.
466 2839 513 2884 τοῖ’
529 2836 563 2878 δὲ
579 2837 696 2886 ἐ’γΓις-σι
724 2842 781 2882 τῖς
798 2838 878 2878 ‘ru'-

136 2906 201 2940 μης
241 2890 399 2945 θαλάσσῃ
444 2882 585 2947 κλῖῖθςιι
618 2889 680 2931 διὰ
714 2892 878 2943 καμάτου

135 2942 323 2995 ἐπαγαγὸν
347 2941 384 2988 ὃὸ
404 2943 454 2987 τοὶ
481 2944 605 2997 τνφλιὶ
632 2947 696 2989 καὶ
724 2943 879 3002 δύσορμα

952 1280 1013 1313 tus
1042 1276 1095 1313 ibi
1130 1275 1253 1313 moliri
1285 1275 1537 1325 stationesque
1573 1281 1705 1317 tante*

951 1329 1172 1377 sufficientes
1190 1327 1437 1380 navigationi.
1610 1375 1612 1378 v
1658 1334 1662 1338 ’

1006 1381 1026 1404 ⁴
1053 1384 1102 1421 N
1099 1397 1139 1422 ec
1157 1383 1229 1421 nisi
1247 1382 1423 1433 Trajani.
1480 1382 1584 1420 Nero
1602 1383 1689 1434 qui·

957 1437 1057 1482 dem,
1077 1437 1174 1476 inter
1191 1437 1347 1475 Claudii
1365 1444 1403 1474 et
1418 1436 1575 1486 Trajani
1593 1435 1689 1476 tem'-

952 1503 1049 1541 pora
1094 1491 1328 1541 interjectus,
1372 1498 1527 1542 portum
1572 1490 1686 1531 illum

954 1544 1129 1594 plurimis
1159 1544 1388 1583 ornamentis
1420 1544 1556 1591 auxit;
1585 1547 1687 1585 unde

953 1605 1009 1636 tot
1026 1599 1109 1649 ejus
1127 1598 1291 1642 nummi,
1319 1599 1358 1636 in
1386 1598 1527 1649 quibus
1554 1606 1688 1650 portus

952 1664 1139 1704 navesque
1170 1658 1209 1691 et
1240 1653 1423 1703 columna
1455 1652 1688 1692 exhibentur

954 1718 1043 1744 cum
1091 1706 1164 1745 hac
1203 1707 1467 1757 Inscriptione,
1512 1708 1687 1758 superins

953 1760 1242 1806 AVGVSTI,
1307 1760 1466 1799 inferius
1549 1761 1688 1800 SPO·

953 1814 1167 1853 ROSTC.
1195 1815 1234 1852 id
1259 1821 1328 1862 est,
1357 1816 1526 1866 Augusti
1542 1814 1686 1855 Portus

953 1867 1134 1906 Ostiensis
1142 1867 1474 1908 senatascousulto.
1504 1869 1568 1907 Sic
1582 1870 1684 1908 enim

951 1923 1294 1972 cognominabatur
1306 1930 1350 1962 ut
1363 1923 1490 1962 videre
1507 1930 1562 1961 est
1579 1925 1686 1975 apud

955 1975 1136 2022 Dionem,
1170 1989 1307 2015 Lxxv.
1334 1991 1373 2028 p.
1407 1981 1502 2016 358:
1552 1977 1687 2028 Traja-

950 2042 1022 2067 nus
1053 2031 1142 2069 vero
1170 2043 1245 2069 non
1271 2031 1421 2069 tantum
1451 2038 1685 2079 ornamenta,

949 2084 1014 2121 sed
1047 2091 1202 2135 portum
1235 2084 1399 2124 alterum
1427 2085 1590 2131 addidit,
1617 2085 1686 2136 qui

950 2151 1105 2189 quoque
1121 2138 1248 2190 periit.
1302 2139 1433 2189 Hujus
1450 2139 1583 2179 laudes
1599 2139 1686 2178 vide

950 2192 1056 2243 apud
1074 2192 1257 2240 Plinium,
1285 2199 1347 2230 vn·
1364 2193 1437 2244 Ep.
1455 2197 1519 2232 31.
1574 2193 1685 2232 Olim
1748 2220 1762 2231 ,

952 2246 1154 2284 dicebatur
1189 2246 1331 2285 Portus
1364 2247 1569 2300 Trqjanus,
1596 2248 1686 2286 Pto-

949 2299 1119 2346 lemaeus,
1150 2312 1221 2339 111.
1242 2307 1277 2339 l.
1333 2300 1439 2340 Loco
1455 2301 1589 2340 adhue
1603 2313 1686 2340 ma.-

947 2360 1011 2391 net
1026 2365 1164 2392 nomen
1182 2354 1303 2393 Porto
1325 2355 1511 2405 Trqjano.

1001 2403 1017 2427 ⁵
1056 2407 1284 2446 Architecti.
1354 2411 1561 2448 Immensas
1581 2458 1584 2460 v
1604 2408 1684 2448 fone

949 2461 1135 2532 impensas
1153 2468 1364 2502 causantes.

1049 2516 1193 2567 Egesta
1223 2522 1342 2558 terra.
1409 2517 1500 2565 Dio,
1541 2528 1614 2556 nx.
1643 2531 1685 2570 p.

949 2565 1042 2612 672.
1080 2571 1145 2607 Ob
1165 2571 1445 2621 importuosum
1464 2585 1569 2610 mare
1585 2584 1684 2623 opus

948 2622 1022 2660 fuit
1057 2623 1221 2662 multam
1259 2630 1398 2663 terram
1434 2637 1594 2677 egerere,
1638 2632 1686 2665 ut

948 2683 1446 2771 ap5r152'2i'1rlrigsztlus.Unde
1472 2731 1497 2771 J
1501 2731 1682 2782 uvenalis,
1722 2777 1727 2791 Ι

947 2784 1072 2836 Satyr.
1090 2796 1169 2823 x11.
1189 2789 1256 2829 75.

947 2855 1078 2920 Tandelgae
1098 2857 1200 2883 intrat
1215 2857 1332 2891 positar
1344 2856 1464 2884 inclusa
1479 2863 1541 2895 per
1557 2862 1683 2890 aqum

978 2902 1028 2920 mo
1070 2914 1079 2927 1
1701 2906 1706 2910 .

945 2934 1196 2967 Tyrrhenamque
1221 2934 1359 2968 Pharon,
1384 2935 1588 2970 pon-edomat
1612 2932 1681 2963 bm-

975 2973 1048 3003 chia
1059 2980 1185 3002 rur-eum
