1768 3236
64 210 103 250 J.
129 210 177 249 C.
203 207 271 248 66.
299 195 304 198 ¹
389 209 534 247 LIBRI
565 207 768 251 DECIMI
799 207 957 246 SEXTI
985 207 1303 247 ANNALIUM.
1527 211 1606 252 457

63 313 126 363 tia
146 313 343 379 agitabat
363 311 566 373 consilia,
598 311 766 381 quibus
787 311 1031 377 AEthiopes
1052 311 1356 376 Albanosque
1371 314 1383 334 ¹
1406 310 1608 376 Imperio

37 413 47 417 “
68 392 284 443 Romano
305 391 510 440 adderet.

131 553 211 594 48.
245 546 377 593 DUM
401 545 646 597 mittuntur
667 546 997 609 exploratores,
1019 556 1263 608 ceteraque
1283 560 1456 609 magno
1472 556 1609 607 appa-

63 633 166 671 ratu
205 622 541 687 disponuntur,‘
561 621 683 670 forte
705 623 874 672 venere
897 622 923 670 ὲ
949 621 1129 670 Graecis
1164 621 1435 679 civitatibus,
1467 619 1608 668 musi-

62 717 143 748 cos
174 716 346 765 agones
376 701 516 748 edere
550 699 707 759 solitis,
741 699 894 764 legati,
929 699 1007 763 qui
1047 714 1207 746 omnes
1241 698 1605 746 citharoedorum

64 794 258 826 coronas
285 779 344 825 ad
372 778 524 842 ipsum
557 777 853 842 perferrent.²
919 779 1098 824 Mirum
1134 788 1186 824 ut
1220 775 1402 839 placuit
1427 791 1605 822 novum

63 855 372 904 assentationis
415 872 576 921 genus.
658 855 829 921 Legati·
865 855 1014 902 statim
1058 853 1258 911 admissi,
1308 851 1606 900 familiaribus

63 932 219 980 inserti
263 930 466 996 epulis:v
497 932 768 980 adulationis
804 931 953 996 periti,
1006 930 1266 995 Principem
1311 940 1364 976 ut
1402 934 1436 956 “
1466 945 1608 993 super

63 1014 98 1038 “
121 1025 303 1059 coenam
338 1011 522 1058 cantet”
562 1020 741 1075 rogant.
810 1009 904 1057 Vix
942 1009 1142 1066 audiere,
1174 1008 1224 1054 in
1261 1007 1420 1054 laudes
1454 1006 1606 1065 effusi,

64 1085 246 1134 insitam
288 1087 531 1135 vanitatem
577 1088 640 1135 ita
680 1087 914 1147 inflavere,
964 1098 1015 1134 ut
1055 1091 1088 1114 ‘⁶
1118 1085 1240 1133 solos
1284 1084 1401 1132 scire
1445 1083 1607 1131 audire

62 1168 98 1191 ‘⁶
133 1165 348 1223 Graecos,
395 1166 518 1221 solos
552 1182 619 1224 se,
665 1165 788 1216 solos
831 1163 990 1217 studiis
1028 1163 1121 1211 suis
1159 1162 1358 1227 dignos''
1399 1161 1603 1227 jactitet:

63 1246 99 1269 ‘⁶
132 1257 182 1289 se
220 1242 279 1290 eo
323 1241 660 1307 profecturum,
716 1253 768 1290 ut
818 1242 1022 1289 Romam
1077 1252 1321 1304 totumque
1375 1250 1606 1287 terrarum

62 1323 97 1351 “
131 1319 295 1367 orbem
334 1321 594 1372 coronet.''³
660 1319 790 1368 Nihil
834 1319 999 1368 veteris
1043 1318 1339 1367 solicitudinis
1382 1327 1605 1381 superest.

60 1396 116 1443 In
148 1395 415 1450 theatricam
449 1390 788 1462 expeditionem
822 1413 1046 1465 praeceps,
1079 1396 1305 1444 Achaiam
1339 1395 1478 1461 petit:
1494 1397 1514 1423 ⁴
1545 1394 1607 1442 ad

60 1489 263 1533 scenam,
303 1485 356 1522 ut
390 1475 448 1524 ad
481 1476 657 1523 bellum
673 1478 688 1503 ⁵
720 1473 970 1539 profectus.
1038 1473 1270 1539 Tigellino
1304 1472 1428 1520 enim
1467 1472 1606 1529 duce,

59 1564 216 1598 comes
252 1551 345 1600 ibat
382 1554 766 1617 Augustanorum
809 1564 855 1600 et
897 1562 1158 1600 scortorum
1200 1552 1353 1609 turba,
1402 1548 1604 1607 citharis,

58 1627 260 1691 plectris,
299 1629 522 1692 personis,
562 1629 803 1678 libidinum
835 1629 1131 1688 ornamentis,
1163 1640 1242 1676 aut
1284 1626 1602 1685 incitamentis,

58 1705 225 1769 graviS.
294 1707 364 1755 Ut
386 1707 595 1771 primum
619 1704 900 1773 Cassiopen⁶
920 1709 1178 1774 trajectum,
1211 1706 1363 1759 statim
1384 1706 1443 1757 ad
1472 1721 1601 1752 aram

815 1850 835 1861 s

115 1935 127 1956 ¹
158 1936 409 1990 Albanosque.
460 1939 588 1982 Tacit.
618 1942 719 1982 Hist.
755 1954 784 1981 1.
855 1949 898 1980 E.
917 1948 984 1979 11¹.
1001 1955 1097 1980 anno
1117 1940 1255 1979 decimo
1274 1939 1389 1981 tertio
1408 1938 1587 1988 Imperii:

61 1988 100 2028 6.
130 1991 220 2038 Dio,
242 1992 346 2030 Libr.
366 2005 491 2031 Lx111.
508 2006 547 2044 p.
566 1999 590 2038 7
601 2001 658 2040 ¹9-
688 1996 787 2035 Plin.
855 1997 894 2033 in
913 1995 1043 2034 aversa.
1059 2003 1180 2045 parte,
1204 1994 1309 2031 navis
1326 1991 1464 2031 inflatis
1485 1991 1589 2040 velis,

62 2057 122 2083 vr.
162 2049 208 2084 13
244 2055 282 2084 et
313 2051 381 2092 29.
433 2048 588 2086 Sueton.
618 2050 657 2086 in
694 2050 787 2088 Ner.
856 2053 1313 2092 ΣΕΒΑΣΤΟΦΟΡΟΣ,
1345 2047 1383 2085 id
1413 2053 1481 2093 est,
1508 2058 1590 2084 vec-

61 2111 159 2138 xxx.
214 2100 385 2138 Parabat
401 2106 438 2137 et
454 2103 506 2140 aa'
524 2099 678 2152 Caspias
700 2116 791 2153 por-

61 2159 122 2191 tas
136 2154 411 2204 expeditionem,
425 2156 638 2209 conscripta
650 2170 694 2193 ex
708 2156 792 2194 Ita-

60 2207 143 2245 licis
171 2205 296 2245 senum
318 2208 453 2258 pedum
481 2209 665 2247 tironibus
692 2210 788 2248 novll

59 2261 215 2351 Ιῗῗιιε,
260 2274 366 2311 quam
390 2261 541 2353 llllsagni
580 2263 790 2302 Alexandri

55 2329 84 2364 p
149 2328 278 2366 angem
296 2327 389 2364 appe
421 2317 522 2354 abat-

14 2408 17 2412 ,
114 2364 133 2383 ²
176 2367 412 2419 Perfer-rent.
469 2370 558 2417 Dio,
600 2369 677 2410 loc.
723 2371 790 2410 cit.

59 2421 217 2459 Sueton.
236 2422 275 2458 in
294 2421 386 2458 Ner.
407 2434 522 2461 xxn.

115 2471 130 2493 ³
160 2475 334 2513 Coronet.
363 2476 424 2513 Ex
444 2477 561 2514 veteri
582 2490 668 2515 usu.
707 2479 787 2516 Un-

61 2527 108 2565 de
126 2528 284 2575 Plinius,
312 2541 391 2566 vn.
412 2527 477 2568 26.
532 2531 647 2569 More
671 2533 789 2570 sacris

59 2582 320 2620 certaminibus
364 2583 599 2622 vincentium.
656 2585 790 2635 Neque

855 2104 934 2141 trix
950 2103 1132 2154 Augusti.
1170 2101 1276 2146 Alio,
1294 2101 1357 2138 sed
1377 2100 1589 2151 perperam,

857 2157 961 2195 hunc
989 2169 1188 2194 nummum
1215 2155 1330 2193 trahit
1351 2154 1588 2198 llarduinus,

859 2211 1006 2249 Selecta
1025 2209 1160 2260 Opera,
1189 2222 1227 2259 p.
1247 2205 1340 2247 636.

912 2262 925 2284 ⁵
959 2265 1016 2301 Ut
1033 2261 1089 2301 ad'
1101 2264 1244 2301 bellum.
1302 2262 1392 2305 Dio,
1418 2260 1493 2297 loc.
1521 2259 1589 2297 cit.

861 2317 945 2355 Nec
971 2317 1125 2362 mirum,
1154 2316 1245 2354 cum
1271 2317 1441 2366 quinque
1465 2314 1587 2353 millia

857 2373 1172 2421 Augustanorum
1188 2370 1356 2415 haberet,
1387 2369 1478 2414 Dio,
1499 2370 1586 2407 Lib.

839 2431 950 2463 Ἔχε.
967 2437 1006 2474 p.
1024 2421 1117 2469 699.
1175 2427 1305 2474 Atque
1335 2423 1450 2461 etiam
1485 2437 1589 2461 num·
1648 2429 1654 2436 '

855 2491 963 2528 quam
993 2477 1161 2515 carrucis
1184 2478 1305 2516 minus
1325 2477 1425 2514 mille
1444 2475 1589 2527 fecisse

854 2533 929 2569 iter
946 2532 1127 2576 traditur,
1137 2531 1246 2569 soleis
1256 2532 1438 2569 mularum
1454 2543 1590 2580 argene

854 2586 936 2628 teis,
965 2585 1195 2623 canusinatis
1209 2584 1444 2629 mulionibus,
1461 2585 1588 2622 armil—

58 2636 153 2673 enim
180 2635 252 2686 ipsi
280 2643 520 2684 coronantur,
546 2638 613 2676 sed
639 2639 787 2689 patrias
858 2638 939 2677 latei
974 2644 1012 2676 et
1045 2638 1244 2688 phaleratd
1279 2651 1360 2677 cum
1382 2634 1588 2676 'Mazacum

59 2695 147 2727 &aas
165 2695 358 2727 coronant.

111 2741 131 2762 ⁴
156 2741 339 2780 Achaiam
360 2743 472 2793 petit,
529 2744 659 2794 Hujus
682 2746 789 2783 navi-

59 2795 220 2846 gationis
245 2797 348 2834 testis
375 2809 555 2835 nummus
577 2806 787 2848 argenteus,

60 2854 249 2887 NEPnN
275 2855 423 2886 xAlz.
441 2856 557 2897 ΣΕΒ.
575 2857 685 2889 1'131’.
703 2859 782 2889 AY.

59 2903 98 2939 id
118 2909 186 2950 est,
204 2903 311 2941 Nero
330 2901 457 2960 Goepar
474 2904 669 2956 Augustus
686 2905 785 2944 Ger·

45 2955 223 3002 ‘manicas
239 2957 466 3010 Imperator,
479 2958 604 3011 capite
620 2959 782 3004 radiato-

858 2691 983 2739 turbd,
996 2698 1107 2743 atque
1118 2706 1323 2739 cursorum,
1336 2691 1426 2737 Dio,
1438 2692 1476 2730 in
1495 2693 1590 2730 Ner.

860 2758 1167 2850 xszassiopen.
1225 2794 1383 2838 Sueto‘n.
1416 2799 1455 2836 in
1491 2799 1586 2836 Ner.

859 2865 955 2891 xxl.
1010 2853 1202 2903 Cassiope,
1240 2854 1353 2891 hodie
1383 2851 1425 2889 S.
1454 2851 1589 2891 Maria

856 2906 897 2944 di
915 2906 1088 2960 Cassopo,
1114 2908 1205 2946 urbs
1233 2907 1366 2946 insulae
1394 2907 1588 2956 Corcyrae,

860 2957 993 3012 corsa.

1051 3084 1059 3104 Ι
