<?xml version="1.0" encoding="UTF-8"?>
<!DOCTYPE html PUBLIC "-//W3C//DTD XHTML 1.0 Transitional//EN"
    "http://www.w3.org/TR/xhtml1/DTD/xhtml1-transitional.dtd">
<html xmlns="http://www.w3.org/1999/xhtml" xml:lang="en" lang="en">
 <head>
  <title>
</title>
<meta http-equiv="Content-Type" content="text/html;charset=utf-8" />
  <meta name='ocr-system' content='tesseract 3.04.00' />
  <meta name='ocr-capabilities' content='ocr_page ocr_carea ocr_par ocr_line ocrx_word'/>
</head>
<body>
  <div class='ocr_page' id='page_1' title='image "./operarecognovite04taciuoft/operarecognovite04taciuoft_0667.png"; bbox 0 0 1768 3236; ppageno 0'>
   <div class='ocr_carea' id='block_1_1' title="bbox 351 179 1597 231">
    <p class='ocr_par' dir='ltr' id='par_1_1' title="bbox 351 179 1597 231">
     <span class='ocr_line' id='line_1_1' title="bbox 351 179 1597 231; baseline 0.002 -4"><span class='ocrx_word' id='word_1_1' title='bbox 351 188 434 227; x_wconf 89' lang='lat' dir='ltr'>AD</span> <span class='ocrx_word' id='word_1_2' title='bbox 461 186 770 228; x_wconf 84' lang='lat' dir='ltr'><strong>DIALOGUM</strong></span> <span class='ocrx_word' id='word_1_3' title='bbox 800 186 877 226; x_wconf 90' lang='lat' dir='ltr'>DE</span> <span class='ocrx_word' id='word_1_4' title='bbox 905 179 1276 228; x_wconf 84' lang='lat' dir='ltr'><strong>ORATORIBUS.</strong></span> <span class='ocrx_word' id='word_1_5' title='bbox 1517 188 1597 231; x_wconf 83' lang='lat'>655</span> 
     </span>
    </p>
   </div>
   <div class='ocr_carea' id='block_1_2' title="bbox 8 289 1598 1477">
    <p class='ocr_par' dir='ltr' id='par_1_2' title="bbox 8 289 1598 1464">
     <span class='ocr_line' id='line_1_2' title="bbox 51 289 1598 344; baseline 0.003 -10"><span class='ocrx_word' id='word_1_6' title='bbox 51 290 295 344; x_wconf 82' lang='lat' dir='ltr'><strong>emendavit,</strong></span> <span class='ocrx_word' id='word_1_7' title='bbox 328 289 511 335; x_wconf 72' lang='lat' dir='ltr'>lectiores.</span> <span class='ocrx_word' id='word_1_8' title='bbox 571 291 692 335; x_wconf 70' lang='lat' dir='ltr'><strong>Male</strong></span> <span class='ocrx_word' id='word_1_9' title='bbox 727 290 967 343; x_wconf 83' lang='lat' dir='ltr'>Rhenanus,</span> <span class='ocrx_word' id='word_1_10' title='bbox 997 291 1175 334; x_wconf 80' lang='lat' dir='ltr'><em>altiores.</em></span> <span class='ocrx_word' id='word_1_11' title='bbox 1235 290 1289 334; x_wconf 89' lang='lat' dir='ltr'>In</span> <span class='ocrx_word' id='word_1_12' title='bbox 1318 290 1424 334; x_wconf 92' lang='lat' dir='ltr'>MS.</span> <span class='ocrx_word' id='word_1_13' title='bbox 1458 291 1598 338; x_wconf 73' lang='lat' dir='ltr'>Vatic-</span> 
     </span>
     <span class='ocr_line' id='line_1_3' title="bbox 49 364 406 414; baseline 0 -6"><span class='ocrx_word' id='word_1_14' title='bbox 49 371 182 414; x_wconf 78' lang='grc'><strong>4498.</strong></span> <span class='ocrx_word' id='word_1_15' title='bbox 213 364 406 409; x_wconf 65' lang='lat' dir='ltr'>lectior-m.</span> 
     </span>
     <span class='ocr_line' id='line_1_4' title="bbox 8 426 1594 500; baseline 0.003 -18"><span class='ocrx_word' id='word_1_16' title='bbox 8 426 10 429; x_wconf 71' lang='lat'>‚</span> <span class='ocrx_word' id='word_1_17' title='bbox 109 438 295 483; x_wconf 78' lang='lat' dir='ltr'>Dicendi</span> <span class='ocrx_word' id='word_1_18' title='bbox 310 456 438 500; x_wconf 79' lang='lat' dir='ltr'>genus</span> <span class='ocrx_word' id='word_1_19' title='bbox 457 448 527 484; x_wconf 78' lang='lat' dir='ltr'>est.</span> <span class='ocrx_word' id='word_1_20' title='bbox 588 440 949 484; x_wconf 83' lang='lat' dir='ltr'>Schurzfleischius</span> <span class='ocrx_word' id='word_1_21' title='bbox 965 440 1132 493; x_wconf 86' lang='lat' dir='ltr'>omittit,</span> <span class='ocrx_word' id='word_1_22' title='bbox 1150 448 1223 484; x_wconf 84' lang='lat' dir='ltr'>est.</span> <span class='ocrx_word' id='word_1_23' title='bbox 1261 432 1434 484; x_wconf 75' lang='lat' dir='ltr'>Ursinus</span> <span class='ocrx_word' id='word_1_24' title='bbox 1453 457 1594 498; x_wconf 89' lang='lat' dir='ltr'>emen·</span> 
     </span>
     <span class='ocr_line' id='line_1_5' title="bbox 48 513 1161 571; baseline 0.003 -15"><span class='ocrx_word' id='word_1_25' title='bbox 48 514 130 566; x_wconf 85' lang='lat' dir='ltr'>dat,</span> <span class='ocrx_word' id='word_1_26' title='bbox 164 513 358 557; x_wconf 81' lang='lat' dir='ltr'>discendi.</span> <span class='ocrx_word' id='word_1_27' title='bbox 1158 569 1161 571; x_wconf 14' lang='grc' dir='ltr'><strong>Α</strong></span> 
     </span>
     <span class='ocr_line' id='line_1_6' title="bbox 106 586 1590 664; baseline 0.005 -35"><span class='ocrx_word' id='word_1_28' title='bbox 106 586 249 631; x_wconf 79' lang='lat' dir='ltr'>Pauci</span> <span class='ocrx_word' id='word_1_29' title='bbox 277 605 409 632; x_wconf 68' lang='lat' dir='ltr'>sensus</span> <span class='ocrx_word' id='word_1_30' title='bbox 428 589 534 647; x_wconf 59' lang='lat' dir='ltr'>apte.</span> <span class='ocrx_word' id='word_1_31' title='bbox 582 589 712 664; x_wconf 48' lang='lat' dir='ltr'>[Bene</span> <span class='ocrx_word' id='word_1_32' title='bbox 743 589 974 642; x_wconf 70' lang='lat' dir='ltr'>Acfflalius,</span> <span class='ocrx_word' id='word_1_33' title='bbox 1007 589 1311 632; x_wconf 80' lang='lat' dir='ltr'>Freinshemius</span> <span class='ocrx_word' id='word_1_34' title='bbox 1338 598 1380 633; x_wconf 90' lang='lat' dir='ltr'>et</span> <span class='ocrx_word' id='word_1_35' title='bbox 1413 592 1590 636; x_wconf 84' lang='lat' dir='ltr'><strong>Schurz-</strong></span> 
     </span>
     <span class='ocr_line' id='line_1_7' title="bbox 43 648 1588 725; baseline 0.005 -22"><span class='ocrx_word' id='word_1_36' title='bbox 43 661 262 706; x_wconf 82' lang='lat' dir='ltr'>fleischius.</span> <span class='ocrx_word' id='word_1_37' title='bbox 323 664 394 707; x_wconf 88' lang='lat' dir='ltr'>Sic</span> <span class='ocrx_word' id='word_1_38' title='bbox 415 680 527 720; x_wconf 84' lang='lat' dir='ltr'>saepe</span> <span class='ocrx_word' id='word_1_39' title='bbox 546 664 723 707; x_wconf 91' lang='lat' dir='ltr'>Tullius.</span> <span class='ocrx_word' id='word_1_40' title='bbox 765 663 817 707; x_wconf 91' lang='lat' dir='ltr'>In</span> <span class='ocrx_word' id='word_1_41' title='bbox 835 648 1039 707; x_wconf 60' lang='lat' dir='ltr'>veteribus</span> <span class='ocrx_word' id='word_1_42' title='bbox 1058 663 1321 717; x_wconf 80' lang='lat' dir='ltr'>editionibus,</span> <span class='ocrx_word' id='word_1_43' title='bbox 1348 680 1484 709; x_wconf 79' lang='lat' dir='ltr'>sensus</span> <span class='ocrx_word' id='word_1_44' title='bbox 1501 676 1588 725; x_wconf 81' lang='lat' dir='ltr'>opt.</span> 
     </span>
     <span class='ocr_line' id='line_1_8' title="bbox 42 737 1585 797; baseline 0.004 -19"><span class='ocrx_word' id='word_1_45' title='bbox 42 744 200 780; x_wconf 81' lang='lat' dir='ltr'>etcum.</span> <span class='ocrx_word' id='word_1_46' title='bbox 260 737 364 782; x_wconf 90' lang='lat' dir='ltr'>MS.</span> <span class='ocrx_word' id='word_1_47' title='bbox 386 738 520 782; x_wconf 85' lang='lat' dir='ltr'>vatic.</span> <span class='ocrx_word' id='word_1_48' title='bbox 538 745 668 789; x_wconf 81' lang='lat'><strong>4498.</strong></span> <span class='ocrx_word' id='word_1_49' title='bbox 689 747 812 797; x_wconf 83' lang='lat' dir='ltr'>optet.</span> <span class='ocrx_word' id='word_1_50' title='bbox 869 737 974 782; x_wconf 89' lang='lat' dir='ltr'>MS.</span> <span class='ocrx_word' id='word_1_51' title='bbox 996 738 1131 781; x_wconf 88' lang='lat' dir='ltr'>Vatic.</span> <span class='ocrx_word' id='word_1_52' title='bbox 1158 744 1281 783; x_wconf 85' lang='grc'><strong>1518.</strong></span> <span class='ocrx_word' id='word_1_53' title='bbox 1300 741 1401 796; x_wconf 84' lang='lat' dir='ltr'>opti.</span> <span class='ocrx_word' id='word_1_54' title='bbox 1462 740 1585 785; x_wconf 86' lang='lat' dir='ltr'>Unde</span> 
     </span>
     <span class='ocr_line' id='line_1_9' title="bbox 44 809 1585 871; baseline 0.004 -18"><span class='ocrx_word' id='word_1_55' title='bbox 44 809 276 855; x_wconf 83' lang='lat' dir='ltr'>Davanzati</span> <span class='ocrx_word' id='word_1_56' title='bbox 308 814 467 857; x_wconf 88' lang='lat' dir='ltr'>videtur</span> <span class='ocrx_word' id='word_1_57' title='bbox 498 814 755 867; x_wconf 64' lang='lat' dir='ltr'>emendfisse‚</span> <span class='ocrx_word' id='word_1_58' title='bbox 784 812 948 870; x_wconf 56' lang='lat' dir='ltr'>optime.</span> <span class='ocrx_word' id='word_1_59' title='bbox 1006 812 1074 855; x_wconf 86' lang='lat' dir='ltr'>Ita</span> <span class='ocrx_word' id='word_1_60' title='bbox 1105 813 1214 855; x_wconf 90' lang='lat' dir='ltr'>enim</span> <span class='ocrx_word' id='word_1_61' title='bbox 1249 814 1380 867; x_wconf 80' lang='lat' dir='ltr'>vertit,</span> <span class='ocrx_word' id='word_1_62' title='bbox 1410 819 1438 840; x_wconf 91' lang='lat'><strong>“</strong></span> <span class='ocrx_word' id='word_1_63' title='bbox 1458 816 1585 871; x_wconf 86' lang='lat' dir='ltr'>pochi</span> 
     </span>
     <span class='ocr_line' id='line_1_10' title="bbox 40 887 1272 944; baseline 0 -14"><span class='ocrx_word' id='word_1_64' title='bbox 40 889 219 930; x_wconf 87' lang='lat' dir='ltr'>concetti</span> <span class='ocrx_word' id='word_1_65' title='bbox 239 888 413 931; x_wconf 83' lang='lat' dir='ltr'>termina</span> <span class='ocrx_word' id='word_1_66' title='bbox 433 889 730 942; x_wconf 89' lang='lat' dir='ltr'>ottimamente,</span> <span class='ocrx_word' id='word_1_67' title='bbox 745 903 770 931; x_wconf 83' lang='lat' dir='ltr'>e</span> <span class='ocrx_word' id='word_1_68' title='bbox 784 905 865 932; x_wconf 87' lang='lat' dir='ltr'>con</span> <span class='ocrx_word' id='word_1_69' title='bbox 882 897 997 931; x_wconf 87' lang='lat' dir='ltr'>certo</span> <span class='ocrx_word' id='word_1_70' title='bbox 1015 887 1272 944; x_wconf 85' lang='lat' dir='ltr'>splendore.”</span> 
     </span>
     <span class='ocr_line' id='line_1_11' title="bbox 98 960 1580 1019; baseline 0.004 -16"><span class='ocrx_word' id='word_1_71' title='bbox 98 960 224 1004; x_wconf 74' lang='lat' dir='ltr'>Nihil</span> <span class='ocrx_word' id='word_1_72' title='bbox 255 977 475 1019; x_wconf 66' lang='lat' dir='ltr'>excerpere.</span> <span class='ocrx_word' id='word_1_73' title='bbox 535 961 710 1018; x_wconf 73' lang='lat' dir='ltr'>Optime</span> <span class='ocrx_word' id='word_1_74' title='bbox 737 962 906 1019; x_wconf 81' lang='lat' dir='ltr'>Lipsius</span> <span class='ocrx_word' id='word_1_75' title='bbox 937 963 962 1006; x_wconf 83' lang='grc' dir='ltr'>ὲ</span> <span class='ocrx_word' id='word_1_76' title='bbox 995 962 1096 1005; x_wconf 92' lang='lat' dir='ltr'>MS.</span> <span class='ocrx_word' id='word_1_77' title='bbox 1159 961 1388 1019; x_wconf 82' lang='lat' dir='ltr'>Perperam</span> <span class='ocrx_word' id='word_1_78' title='bbox 1422 974 1580 1009; x_wconf 87' lang='lat' dir='ltr'>veteres</span> 
     </span>
     <span class='ocr_line' id='line_1_12' title="bbox 37 1034 1362 1096; baseline 0.004 -19"><span class='ocrx_word' id='word_1_79' title='bbox 37 1034 250 1090; x_wconf 78' lang='lat' dir='ltr'>editiones,</span> <span class='ocrx_word' id='word_1_80' title='bbox 270 1036 382 1079; x_wconf 77' lang='lat' dir='ltr'>nihil</span> <span class='ocrx_word' id='word_1_81' title='bbox 394 1051 442 1079; x_wconf 76' lang='lat' dir='ltr'>ex·</span> <span class='ocrx_word' id='word_1_82' title='bbox 457 1043 637 1093; x_wconf 80' lang='lat' dir='ltr'>tempore</span> <span class='ocrx_word' id='word_1_83' title='bbox 655 1036 824 1096; x_wconf 59' lang='lat' dir='ltr'>referre.</span> <span class='ocrx_word' id='word_1_84' title='bbox 972 1083 977 1088; x_wconf 61' lang='grc'><em>,</em></span> <span class='ocrx_word' id='word_1_85' title='bbox 1112 1063 1115 1068; x_wconf 80' lang='lat'><em>,</em></span> <span class='ocrx_word' id='word_1_86' title='bbox 1358 1062 1362 1065; x_wconf 84' lang='grc'><strong>-</strong></span> 
     </span>
     <span class='ocr_line' id='line_1_13' title="bbox 94 1110 1577 1169; baseline 0.002 -15"><span class='ocrx_word' id='word_1_87' title='bbox 94 1110 162 1153; x_wconf 84' lang='lat' dir='ltr'>Ac</span> <span class='ocrx_word' id='word_1_88' title='bbox 180 1111 413 1155; x_wconf 80' lang='lat' dir='ltr'>laudatum.</span> <span class='ocrx_word' id='word_1_89' title='bbox 474 1111 603 1155; x_wconf 82' lang='lat' dir='ltr'><strong>Putat</strong></span> <span class='ocrx_word' id='word_1_90' title='bbox 624 1112 791 1169; x_wconf 83' lang='lat' dir='ltr'>Lipsius</span> <span class='ocrx_word' id='word_1_91' title='bbox 811 1111 978 1154; x_wconf 87' lang='lat' dir='ltr'>omnino</span> <span class='ocrx_word' id='word_1_92' title='bbox 997 1112 1314 1166; x_wconf 79' lang='lat' dir='ltr'>emendandum,</span> <span class='ocrx_word' id='word_1_93' title='bbox 1333 1128 1383 1156; x_wconf 84' lang='lat' dir='ltr'>ac</span> <span class='ocrx_word' id='word_1_94' title='bbox 1403 1113 1577 1157; x_wconf 79' lang='lat' dir='ltr'>lautum.</span> 
     </span>
     <span class='ocr_line' id='line_1_14' title="bbox 37 1183 639 1242; baseline 0.005 -15"><span class='ocrx_word' id='word_1_95' title='bbox 37 1183 97 1227; x_wconf 90' lang='lat' dir='ltr'>Et</span> <span class='ocrx_word' id='word_1_96' title='bbox 108 1184 275 1241; x_wconf 89' lang='lat' dir='ltr'>quidem</span> <span class='ocrx_word' id='word_1_97' title='bbox 295 1186 639 1242; x_wconf 62' lang='lat' dir='ltr'>probabilissime.</span> 
     </span>
     <span class='ocr_line' id='line_1_15' title="bbox 93 1259 1577 1321; baseline 0.003 -19"><span class='ocrx_word' id='word_1_98' title='bbox 93 1248 254 1318; x_wconf 81' lang='lat' dir='ltr'><em>Fugiat</em></span> <span class='ocrx_word' id='word_1_99' title='bbox 275 1259 457 1318; x_wconf 85' lang='lat' dir='ltr'>foedam.</span> <span class='ocrx_word' id='word_1_100' title='bbox 516 1261 655 1305; x_wconf 85' lang='lat' dir='ltr'><strong>MSS.</strong></span> <span class='ocrx_word' id='word_1_101' title='bbox 685 1261 824 1304; x_wconf 85' lang='lat' dir='ltr'>vatic.</span> <span class='ocrx_word' id='word_1_102' title='bbox 868 1262 978 1305; x_wconf 80' lang='lat'>1862</span> <span class='ocrx_word' id='word_1_103' title='bbox 1013 1269 1054 1308; x_wconf 91' lang='lat' dir='ltr'>et</span> <span class='ocrx_word' id='word_1_104' title='bbox 1085 1267 1214 1310; x_wconf 83' lang='lat'><strong>4498.</strong></span> <span class='ocrx_word' id='word_1_105' title='bbox 1234 1261 1423 1321; x_wconf 77' lang='lat' dir='ltr'>fugitet.</span> <span class='ocrx_word' id='word_1_106' title='bbox 1470 1261 1577 1306; x_wconf 89' lang='lat' dir='ltr'>MS.</span> 
     </span>
     <span class='ocr_line' id='line_1_16' title="bbox 31 1332 1581 1394; baseline 0.005 -18"><span class='ocrx_word' id='word_1_107' title='bbox 31 1332 168 1376; x_wconf 83' lang='lat' dir='ltr'>Vatic.</span> <span class='ocrx_word' id='word_1_108' title='bbox 195 1340 318 1378; x_wconf 85' lang='lat'><strong>1518.</strong></span> <span class='ocrx_word' id='word_1_109' title='bbox 324 1334 488 1394; x_wconf 80' lang='lat' dir='ltr'>fugiet.</span> <span class='ocrx_word' id='word_1_110' title='bbox 1578 1363 1581 1366; x_wconf 95' lang='lat'>·</span> 
     </span>
     <span class='ocr_line' id='line_1_17' title="bbox 94 1407 1398 1477; baseline 0.002 -26"><span class='ocrx_word' id='word_1_111' title='bbox 94 1407 135 1451; x_wconf 89' lang='grc' dir='ltr'><em>Τ</em></span> <span class='ocrx_word' id='word_1_112' title='bbox 128 1409 310 1452; x_wconf 82' lang='lat' dir='ltr'>ermmet</span> <span class='ocrx_word' id='word_1_113' title='bbox 370 1409 508 1477; x_wconf 92' lang='lat' dir='ltr'><strong>MSS.</strong></span> <span class='ocrx_word' id='word_1_114' title='bbox 528 1409 665 1453; x_wconf 85' lang='lat' dir='ltr'>Vatie.</span> <span class='ocrx_word' id='word_1_115' title='bbox 685 1419 727 1453; x_wconf 88' lang='lat' dir='ltr'>et</span> <span class='ocrx_word' id='word_1_116' title='bbox 746 1410 943 1453; x_wconf 86' lang='lat' dir='ltr'>editiones</span> <span class='ocrx_word' id='word_1_117' title='bbox 962 1419 1132 1464; x_wconf 86' lang='lat' dir='ltr'>veteres,</span> <span class='ocrx_word' id='word_1_118' title='bbox 1146 1410 1398 1454; x_wconf 77' lang='lat' dir='ltr'>determinet.</span> 
     </span>
    </p>
   </div>
   <div class='ocr_carea' id='block_1_3' title="bbox 0 1557 1571 2805">
    <p class='ocr_par' dir='ltr' id='par_1_3' title="bbox 26 1557 1571 1748">
     <span class='ocr_line' id='line_1_18' title="bbox 87 1557 1571 1602; baseline 0.002 -3"><span class='ocrx_word' id='word_1_119' title='bbox 87 1557 388 1600; x_wconf 66' lang='lat' dir='ltr'>Cn.23.1n</span> <span class='ocrx_word' id='word_1_120' title='bbox 407 1559 593 1602; x_wconf 78' lang='lat' dir='ltr'>omnibus</span> <span class='ocrx_word' id='word_1_121' title='bbox 611 1558 882 1602; x_wconf 81' lang='lat' dir='ltr'>orationibus.</span> <span class='ocrx_word' id='word_1_122' title='bbox 943 1558 1060 1601; x_wconf 73' lang='lat' dir='ltr'>Bene</span> <span class='ocrx_word' id='word_1_123' title='bbox 1082 1557 1220 1600; x_wconf 89' lang='lat' dir='ltr'><strong>MSS.</strong></span> <span class='ocrx_word' id='word_1_124' title='bbox 1242 1557 1379 1602; x_wconf 82' lang='lat' dir='ltr'>vatic.</span> <span class='ocrx_word' id='word_1_125' title='bbox 1399 1566 1441 1601; x_wconf 87' lang='lat' dir='ltr'>et</span> <span class='ocrx_word' id='word_1_126' title='bbox 1453 1559 1571 1602; x_wconf 85' lang='lat' dir='ltr'>editi-</span> 
     </span>
     <span class='ocr_line' id='line_1_19' title="bbox 27 1631 1569 1688; baseline 0.003 -16"><span class='ocrx_word' id='word_1_127' title='bbox 27 1644 126 1673; x_wconf 84' lang='lat' dir='ltr'>ones</span> <span class='ocrx_word' id='word_1_128' title='bbox 150 1640 318 1674; x_wconf 85' lang='lat' dir='ltr'>veteres.</span> <span class='ocrx_word' id='word_1_129' title='bbox 379 1631 605 1688; x_wconf 79' lang='lat' dir='ltr'>Perperani</span> <span class='ocrx_word' id='word_1_130' title='bbox 637 1633 679 1675; x_wconf 89' lang='lat' dir='ltr'>in</span> <span class='ocrx_word' id='word_1_131' title='bbox 709 1632 800 1676; x_wconf 84' lang='lat' dir='ltr'>aliis</span> <span class='ocrx_word' id='word_1_132' title='bbox 831 1633 1043 1687; x_wconf 84' lang='lat' dir='ltr'>omissum,</span> <span class='ocrx_word' id='word_1_133' title='bbox 1076 1632 1345 1685; x_wconf 78' lang='lat' dir='ltr'>orationibus,</span> <span class='ocrx_word' id='word_1_134' title='bbox 1378 1642 1425 1675; x_wconf 89' lang='lat' dir='ltr'>ut</span> <span class='ocrx_word' id='word_1_135' title='bbox 1457 1636 1569 1677; x_wconf 71' lang='lat' dir='ltr'>recte</span> 
     </span>
     <span class='ocr_line' id='line_1_20' title="bbox 26 1704 355 1748; baseline 0.006 -2"><span class='ocrx_word' id='word_1_136' title='bbox 26 1704 125 1748; x_wconf 85' lang='lat' dir='ltr'>vidit</span> <span class='ocrx_word' id='word_1_137' title='bbox 146 1704 355 1748; x_wconf 64' lang='lat' dir='ltr'>Muretus.</span> 
     </span>
    </p>

    <p class='ocr_par' dir='ltr' id='par_1_4' title="bbox 18 1778 1568 1972">
     <span class='ocr_line' id='line_1_21' title="bbox 85 1778 1568 1826; baseline 0.003 -5"><span class='ocrx_word' id='word_1_138' title='bbox 85 1778 183 1821; x_wconf 81' lang='lat' dir='ltr'>Hoc</span> <span class='ocrx_word' id='word_1_139' title='bbox 202 1780 356 1823; x_wconf 77' lang='lat' dir='ltr'>invitus</span> <span class='ocrx_word' id='word_1_140' title='bbox 375 1780 511 1823; x_wconf 84' lang='lat' dir='ltr'>retuli.</span> <span class='ocrx_word' id='word_1_141' title='bbox 572 1780 688 1824; x_wconf 71' lang='lat' dir='ltr'>Bene</span> <span class='ocrx_word' id='word_1_142' title='bbox 711 1781 967 1825; x_wconf 86' lang='lat' dir='ltr'>Puteolanus</span> <span class='ocrx_word' id='word_1_143' title='bbox 987 1792 1029 1825; x_wconf 88' lang='lat' dir='ltr'>et</span> <span class='ocrx_word' id='word_1_144' title='bbox 1049 1782 1195 1825; x_wconf 82' lang='lat' dir='ltr'>deinde</span> <span class='ocrx_word' id='word_1_145' title='bbox 1210 1781 1279 1824; x_wconf 80' lang='lat' dir='ltr'>alii</span> <span class='ocrx_word' id='word_1_146' title='bbox 1299 1797 1457 1825; x_wconf 87' lang='lat' dir='ltr'>omnes.</span> <span class='ocrx_word' id='word_1_147' title='bbox 1515 1782 1568 1826; x_wconf 92' lang='lat' dir='ltr'>In</span> 
     </span>
     <span class='ocr_line' id='line_1_22' title="bbox 24 1851 1567 1913; baseline 0.003 -18"><span class='ocrx_word' id='word_1_148' title='bbox 24 1851 162 1896; x_wconf 89' lang='lat' dir='ltr'><strong>MSS.</strong></span> <span class='ocrx_word' id='word_1_149' title='bbox 185 1854 322 1898; x_wconf 84' lang='lat' dir='ltr'>Vatic.</span> <span class='ocrx_word' id='word_1_150' title='bbox 349 1864 390 1897; x_wconf 90' lang='lat' dir='ltr'>et</span> <span class='ocrx_word' id='word_1_151' title='bbox 407 1855 586 1898; x_wconf 84' lang='lat' dir='ltr'>editione</span> <span class='ocrx_word' id='word_1_152' title='bbox 616 1855 817 1912; x_wconf 85' lang='lat' dir='ltr'>principe,</span> <span class='ocrx_word' id='word_1_153' title='bbox 837 1856 1052 1900; x_wconf 75' lang='lat' dir='ltr'>invitatus.</span> <span class='ocrx_word' id='word_1_154' title='bbox 1113 1856 1219 1900; x_wconf 74' lang='lat' dir='ltr'>Haec</span> <span class='ocrx_word' id='word_1_155' title='bbox 1239 1871 1408 1913; x_wconf 84' lang='lat' dir='ltr'>quoque</span> <span class='ocrx_word' id='word_1_156' title='bbox 1426 1856 1567 1901; x_wconf 85' lang='lat' dir='ltr'>mallet</span> 
     </span>
     <span class='ocr_line' id='line_1_23' title="bbox 18 1927 246 1972; baseline 0.013 -3"><span class='ocrx_word' id='word_1_157' title='bbox 18 1927 246 1972; x_wconf 86' lang='lat' dir='ltr'>Acidalius.</span> 
     </span>
    </p>

    <p class='ocr_par' dir='ltr' id='par_1_5' title="bbox 19 2001 1563 2136">
     <span class='ocr_line' id='line_1_24' title="bbox 82 2001 1563 2059; baseline 0.003 -16"><span class='ocrx_word' id='word_1_158' title='bbox 82 2001 283 2046; x_wconf 82' lang='lat' dir='ltr'>Oratores</span> <span class='ocrx_word' id='word_1_159' title='bbox 313 2010 477 2047; x_wconf 80' lang='lat' dir='ltr'>vocant.</span> <span class='ocrx_word' id='word_1_160' title='bbox 538 2005 675 2048; x_wconf 90' lang='lat' dir='ltr'><strong>MSS.</strong></span> <span class='ocrx_word' id='word_1_161' title='bbox 696 2005 831 2048; x_wconf 83' lang='lat' dir='ltr'>Vatic.</span> <span class='ocrx_word' id='word_1_162' title='bbox 859 2014 902 2048; x_wconf 91' lang='lat' dir='ltr'>et</span> <span class='ocrx_word' id='word_1_163' title='bbox 925 2005 1123 2047; x_wconf 83' lang='lat' dir='ltr'>editiones</span> <span class='ocrx_word' id='word_1_164' title='bbox 1144 2014 1312 2059; x_wconf 86' lang='lat' dir='ltr'>veteres,</span> <span class='ocrx_word' id='word_1_165' title='bbox 1342 2005 1563 2049; x_wconf 81' lang='lat' dir='ltr'>vocabant.</span> 
     </span>
     <span class='ocr_line' id='line_1_25' title="bbox 19 2072 1562 2136; baseline 0.003 -19"><span class='ocrx_word' id='word_1_166' title='bbox 19 2072 136 2118; x_wconf 73' lang='lat' dir='ltr'>Bene</span> <span class='ocrx_word' id='word_1_167' title='bbox 159 2076 342 2133; x_wconf 83' lang='lat' dir='ltr'>Lipsius,</span> <span class='ocrx_word' id='word_1_168' title='bbox 361 2085 525 2121; x_wconf 83' lang='lat' dir='ltr'>vocant.</span> <span class='ocrx_word' id='word_1_169' title='bbox 585 2078 643 2121; x_wconf 92' lang='lat' dir='ltr'>Et</span> <span class='ocrx_word' id='word_1_170' title='bbox 658 2079 716 2122; x_wconf 88' lang='lat' dir='ltr'>sic</span> <span class='ocrx_word' id='word_1_171' title='bbox 735 2080 887 2135; x_wconf 85' lang='lat' dir='ltr'>passim</span> <span class='ocrx_word' id='word_1_172' title='bbox 904 2079 943 2122; x_wconf 81' lang='lat' dir='ltr'>in</span> <span class='ocrx_word' id='word_1_173' title='bbox 964 2080 1045 2121; x_wconf 88' lang='lat' dir='ltr'>hoc</span> <span class='ocrx_word' id='word_1_174' title='bbox 1065 2079 1244 2136; x_wconf 86' lang='lat' dir='ltr'>dialogo.</span> <span class='ocrx_word' id='word_1_175' title='bbox 1294 2079 1562 2123; x_wconf 86' lang='lat' dir='ltr'>Schurzfleis-</span> 
     </span>
    </p>

    <p class='ocr_par' dir='ltr' id='par_1_6' title="bbox 1 2136 359 2204">
     <span class='ocr_line' id='line_1_26' title="bbox 1 2136 359 2204; baseline 0.008 -12"><span class='ocrx_word' id='word_1_176' title='bbox 1 2136 143 2204; x_wconf 69' lang='lat' dir='ltr'>¹chius,</span> <span class='ocrx_word' id='word_1_177' title='bbox 164 2153 359 2195; x_wconf 80' lang='lat' dir='ltr'>vocitant.</span> 
     </span>
    </p>

    <p class='ocr_par' dir='ltr' id='par_1_7' title="bbox 74 2223 1516 2286">
     <span class='ocr_line' id='line_1_27' title="bbox 74 2223 1516 2286; baseline 0.004 -20"><span class='ocrx_word' id='word_1_178' title='bbox 74 2223 279 2282; x_wconf 80' lang='lat' dir='ltr'>Sigm‘z&#39;sse.</span> <span class='ocrx_word' id='word_1_179' title='bbox 338 2226 404 2268; x_wconf 78' lang='lat' dir='ltr'>Ita</span> <span class='ocrx_word' id='word_1_180' title='bbox 422 2225 518 2269; x_wconf 90' lang='lat' dir='ltr'>libri</span> <span class='ocrx_word' id='word_1_181' title='bbox 533 2242 676 2270; x_wconf 90' lang='lat' dir='ltr'>omnes</span> <span class='ocrx_word' id='word_1_182' title='bbox 697 2228 809 2270; x_wconf 85' lang='lat' dir='ltr'>editi.</span> <span class='ocrx_word' id='word_1_183' title='bbox 870 2227 921 2270; x_wconf 92' lang='lat' dir='ltr'>In</span> <span class='ocrx_word' id='word_1_184' title='bbox 943 2228 1082 2271; x_wconf 90' lang='lat' dir='ltr'><strong>MSS.</strong></span> <span class='ocrx_word' id='word_1_185' title='bbox 1097 2226 1236 2269; x_wconf 85' lang='lat' dir='ltr'>Vatic.</span> <span class='ocrx_word' id='word_1_186' title='bbox 1253 2226 1516 2286; x_wconf 58' lang='lat' dir='ltr'>significasse.</span> 
     </span>
    </p>

    <p class='ocr_par' dir='ltr' id='par_1_8' title="bbox 71 2299 1290 2359">
     <span class='ocr_line' id='line_1_28' title="bbox 71 2299 1290 2359; baseline 0.002 -18"><span class='ocrx_word' id='word_1_187' title='bbox 71 2299 186 2343; x_wconf 83' lang='lat' dir='ltr'>Ante</span> <span class='ocrx_word' id='word_1_188' title='bbox 205 2300 354 2354; x_wconf 82' lang='lat' dir='ltr'>oculos,</span> <span class='ocrx_word' id='word_1_189' title='bbox 370 2302 457 2359; x_wconf 82' lang='lat' dir='ltr'>qui.</span> <span class='ocrx_word' id='word_1_190' title='bbox 517 2301 656 2345; x_wconf 91' lang='lat' dir='ltr'><strong>MSS.</strong></span> <span class='ocrx_word' id='word_1_191' title='bbox 676 2302 812 2345; x_wconf 86' lang='lat' dir='ltr'>Vatic.</span> <span class='ocrx_word' id='word_1_192' title='bbox 835 2308 931 2345; x_wconf 78' lang='lat' dir='ltr'>ante</span> <span class='ocrx_word' id='word_1_193' title='bbox 950 2302 1085 2345; x_wconf 80' lang='lat' dir='ltr'>oculos</span> <span class='ocrx_word' id='word_1_194' title='bbox 1104 2302 1188 2354; x_wconf 76' lang='lat' dir='ltr'>isti,</span> <span class='ocrx_word' id='word_1_195' title='bbox 1204 2301 1290 2359; x_wconf 78' lang='lat' dir='ltr'>qui.</span> 
     </span>
    </p>

    <p class='ocr_par' dir='ltr' id='par_1_9' title="bbox 12 2371 1555 2510">
     <span class='ocr_line' id='line_1_29' title="bbox 71 2371 1555 2434; baseline 0.003 -19"><span class='ocrx_word' id='word_1_196' title='bbox 71 2371 172 2416; x_wconf 82' lang='lat' dir='ltr'>Non</span> <span class='ocrx_word' id='word_1_197' title='bbox 185 2375 414 2431; x_wconf 81' lang='lat' dir='ltr'>firmitate,</span> <span class='ocrx_word' id='word_1_198' title='bbox 443 2375 514 2418; x_wconf 79' lang='lat' dir='ltr'>sed</span> <span class='ocrx_word' id='word_1_199' title='bbox 527 2376 711 2434; x_wconf 71' lang='lat' dir='ltr'>jejunio.</span> <span class='ocrx_word' id='word_1_200' title='bbox 771 2377 889 2419; x_wconf 76' lang='lat' dir='ltr'>Bene</span> <span class='ocrx_word' id='word_1_201' title='bbox 911 2376 1115 2420; x_wconf 87' lang='lat' dir='ltr'>Schelius.</span> <span class='ocrx_word' id='word_1_202' title='bbox 1174 2376 1227 2418; x_wconf 89' lang='lat' dir='ltr'>ln</span> <span class='ocrx_word' id='word_1_203' title='bbox 1256 2376 1395 2420; x_wconf 91' lang='lat' dir='ltr'><strong>MSS.</strong></span> <span class='ocrx_word' id='word_1_204' title='bbox 1414 2375 1555 2421; x_wconf 86' lang='lat' dir='ltr'>Vatic.</span> 
     </span>
     <span class='ocr_line' id='line_1_30' title="bbox 12 2448 1555 2510; baseline 0.003 -20"><span class='ocrx_word' id='word_1_205' title='bbox 12 2448 124 2491; x_wconf 78' lang='lat'>1862</span> <span class='ocrx_word' id='word_1_206' title='bbox 143 2459 184 2492; x_wconf 89' lang='lat' dir='ltr'>et</span> <span class='ocrx_word' id='word_1_207' title='bbox 209 2455 338 2498; x_wconf 84' lang='lat'><strong>4498.</strong></span> <span class='ocrx_word' id='word_1_208' title='bbox 357 2449 601 2506; x_wconf 72' lang='lat' dir='ltr'>irfirmitate</span> <span class='ocrx_word' id='word_1_209' title='bbox 622 2451 693 2494; x_wconf 83' lang='lat' dir='ltr'>sed</span> <span class='ocrx_word' id='word_1_210' title='bbox 706 2452 877 2510; x_wconf 64' lang='lat' dir='ltr'>jq‘unio</span> <span class='ocrx_word' id='word_1_211' title='bbox 907 2458 1212 2509; x_wconf 77' lang='lat' dir='ltr'>consequentur.</span> <span class='ocrx_word' id='word_1_212' title='bbox 1273 2450 1415 2494; x_wconf 86' lang='lat' dir='ltr'>Editio</span> <span class='ocrx_word' id='word_1_213' title='bbox 1442 2452 1555 2507; x_wconf 86' lang='lat' dir='ltr'>prin-</span> 
     </span>
    </p>

    <p class='ocr_par' dir='ltr' id='par_1_10' title="bbox 0 2523 1553 2731">
     <span class='ocr_line' id='line_1_31' title="bbox 6 2523 1553 2582; baseline 0.003 -20"><span class='ocrx_word' id='word_1_214' title='bbox 6 2535 118 2578; x_wconf 88' lang='lat' dir='ltr'>ceps,</span> <span class='ocrx_word' id='word_1_215' title='bbox 134 2523 431 2580; x_wconf 78' lang='lat' dir='ltr'>irfirmitatem.</span> <span class='ocrx_word' id='word_1_216' title='bbox 464 2524 734 2579; x_wconf 85' lang='lat' dir='ltr'>Puteolanus,</span> <span class='ocrx_word' id='word_1_217' title='bbox 750 2526 969 2568; x_wconf 76' lang='lat' dir='ltr'>sanitatem</span> <span class='ocrx_word' id='word_1_218' title='bbox 981 2524 1219 2582; x_wconf 60' lang='lat' dir='ltr'>sedjq&#39;mtio</span> <span class='ocrx_word' id='word_1_219' title='bbox 1235 2532 1553 2582; x_wconf 74' lang='lat' dir='ltr'>consequuntur,-</span> 
     </span>
     <span class='ocr_line' id='line_1_32' title="bbox 5 2596 1550 2656; baseline 0.003 -18"><span class='ocrx_word' id='word_1_220' title='bbox 5 2597 119 2651; x_wconf 87' lang='lat' dir='ltr'>quod</span> <span class='ocrx_word' id='word_1_221' title='bbox 150 2596 356 2640; x_wconf 75' lang='lat' dir='ltr'>immerito</span> <span class='ocrx_word' id='word_1_222' title='bbox 390 2600 543 2654; x_wconf 88' lang='lat' dir='ltr'>probat</span> <span class='ocrx_word' id='word_1_223' title='bbox 574 2598 951 2642; x_wconf 84' lang='lat' dir='ltr'>Schurzfleischius.</span> <span class='ocrx_word' id='word_1_224' title='bbox 1014 2599 1197 2655; x_wconf 72' lang='lat' dir='ltr'>LipsiuS,</span> <span class='ocrx_word' id='word_1_225' title='bbox 1234 2599 1478 2656; x_wconf 76' lang='lat' dir='ltr'>infirmitate</span> <span class='ocrx_word' id='word_1_226' title='bbox 1510 2608 1550 2642; x_wconf 85' lang='lat' dir='ltr'>et</span> 
     </span>
     <span class='ocr_line' id='line_1_33' title="bbox 0 2660 1158 2731; baseline 0.003 -19"><span class='ocrx_word' id='word_1_227' title='bbox 0 2669 173 2727; x_wconf 67' lang='lat' dir='ltr'>jejunio.</span> <span class='ocrx_word' id='word_1_228' title='bbox 234 2660 498 2729; x_wconf 71' lang='lat' dir='ltr'>Rodolphus,</span> <span class='ocrx_word' id='word_1_229' title='bbox 517 2686 600 2716; x_wconf 77' lang='lat' dir='ltr'>non</span> <span class='ocrx_word' id='word_1_230' title='bbox 615 2673 872 2730; x_wconf 73' lang='lat' dir='ltr'>ivfimitate,</span> <span class='ocrx_word' id='word_1_231' title='bbox 890 2673 962 2716; x_wconf 76' lang='lat' dir='ltr'>sed</span> <span class='ocrx_word' id='word_1_232' title='bbox 975 2672 1158 2731; x_wconf 68' lang='lat' dir='ltr'>jaey&#39;unio.</span> 
     </span>
    </p>

    <p class='ocr_par' dir='ltr' id='par_1_11' title="bbox 60 2743 1550 2805">
     <span class='ocr_line' id='line_1_34' title="bbox 60 2743 1550 2805; baseline 0.003 -19"><span class='ocrx_word' id='word_1_233' title='bbox 60 2743 288 2788; x_wconf 73' lang='lat' dir='ltr'>Arm‘etate</span> <span class='ocrx_word' id='word_1_234' title='bbox 305 2746 522 2805; x_wconf 82' lang='lat' dir='ltr'>contingit.</span> <span class='ocrx_word' id='word_1_235' title='bbox 580 2746 647 2790; x_wconf 84' lang='lat' dir='ltr'>Ita</span> <span class='ocrx_word' id='word_1_236' title='bbox 666 2747 804 2790; x_wconf 93' lang='lat' dir='ltr'><strong>MSS.</strong></span> <span class='ocrx_word' id='word_1_237' title='bbox 823 2747 961 2790; x_wconf 82' lang='lat' dir='ltr'>Vatic.</span> <span class='ocrx_word' id='word_1_238' title='bbox 1010 2746 1203 2789; x_wconf 70' lang='lat' dir='ltr'>Absurde</span> <span class='ocrx_word' id='word_1_239' title='bbox 1222 2745 1422 2789; x_wconf 86' lang='lat' dir='ltr'>editiones</span> <span class='ocrx_word' id='word_1_240' title='bbox 1438 2755 1550 2790; x_wconf 80' lang='lat' dir='ltr'>vete·</span> 
     </span>
    </p>
   </div>
   <div class='ocr_carea' id='block_1_4' title="bbox 1 2819 1547 2951">
    <p class='ocr_par' dir='ltr' id='par_1_12' title="bbox 1 2819 1547 2951">
     <span class='ocr_line' id='line_1_35' title="bbox 4 2819 1547 2876; baseline 0.005 -19"><span class='ocrx_word' id='word_1_241' title='bbox 4 2830 81 2868; x_wconf 86' lang='lat' dir='ltr'>res,</span> <span class='ocrx_word' id='word_1_242' title='bbox 102 2819 308 2862; x_wconf 66' lang='lat' dir='ltr'>anxietati</span> <span class='ocrx_word' id='word_1_243' title='bbox 326 2820 509 2876; x_wconf 66' lang='lat' dir='ltr'>coaefiu&#39;t.</span> <span class='ocrx_word' id='word_1_244' title='bbox 568 2819 619 2864; x_wconf 86' lang='lat' dir='ltr'>In</span> <span class='ocrx_word' id='word_1_245' title='bbox 639 2820 934 2865; x_wconf 83' lang='lat' dir='ltr'>recentioribus</span> <span class='ocrx_word' id='word_1_246' title='bbox 953 2821 1213 2864; x_wconf 81' lang='lat' dir='ltr'>emendatum</span> <span class='ocrx_word' id='word_1_247' title='bbox 1234 2821 1382 2875; x_wconf 80' lang='lat' dir='ltr'>fuerat,</span> <span class='ocrx_word' id='word_1_248' title='bbox 1403 2821 1547 2865; x_wconf 77' lang='lat' dir='ltr'>anxie-</span> 
     </span>
     <span class='ocr_line' id='line_1_36' title="bbox 1 2892 335 2951; baseline 0.015 -20"><span class='ocrx_word' id='word_1_249' title='bbox 1 2896 88 2932; x_wconf 79' lang='lat' dir='ltr'>tate</span> <span class='ocrx_word' id='word_1_250' title='bbox 107 2892 335 2951; x_wconf 78' lang='lat' dir='ltr'>contingat.</span> 
     </span>
    </p>
   </div>
   <div class='ocr_carea' id='block_1_5' title="bbox 176 2974 1366 3020">
    <p class='ocr_par' dir='ltr' id='par_1_13' title="bbox 176 2974 1366 3020">
     <span class='ocr_line' id='line_1_37' title="bbox 176 2974 1366 3020; baseline 0.003 -12"><span class='ocrx_word' id='word_1_251' title='bbox 176 2980 277 3009; x_wconf 82' lang='lat' dir='ltr'><strong>vo1..</strong></span> <span class='ocrx_word' id='word_1_252' title='bbox 299 2981 366 3010; x_wconf 63' lang='lat' dir='ltr'>lv.&gt;</span> <span class='ocrx_word' id='word_1_253' title='bbox 388 3005 390 3008; x_wconf 95' lang='lat'><strong>.</strong></span> <span class='ocrx_word' id='word_1_254' title='bbox 1274 2974 1304 3020; x_wconf 76' lang='lat'>2</span> <span class='ocrx_word' id='word_1_255' title='bbox 1338 2981 1366 3011; x_wconf 82' lang='lat' dir='ltr'>&#39;r</span> 
     </span>
    </p>
   </div>
  </div>
 </body>
</html>
