1768 3236
193 166 277 207 620
508 194 509 197 ¹
599 160 763 203 NOTAE
792 160 861 201 ET
889 161 1331 204 EMENDATIONES
1398 172 1409 184 ²

253 267 375 312 Cn».
396 270 438 310 2.
465 264 686 310 Curiatius
707 234 941 310 Maternus.
1000 265 1068 310 Ita
1086 266 1223 312 MSS.
1242 266 1379 311 Vatic.
1409 265 1461 310 ln
1494 266 1598 313 MS.
1627 269 1730 315 Far-

194 358 280 388 nes.
304 342 515 386 Curatius.
574 340 625 385 In
644 341 759 384 libris
778 341 909 395 editis,
930 342 1175 385 accuratius.

254 417 312 461 In
332 425 545 476 quantum.
606 417 721 460 Bene
744 416 966 459 Rhenanus
992 425 1034 459 et
1055 417 1256 460 Pithoeus.
1316 418 1544 475 Pet-peram
1573 427 1729 464 vetem

184 493 403 544 editiones,
432 493 477 533 in
498 506 628 549 quem.

257 566 475 611 Communi
493 565 721 609 erudit-ione
749 564 939 607 imbutus
1000 564 1051 607 In
1070 564 1207 609 MSS
1228 565 1361 610 Vatic.
1400 567 1510 611 1862
1539 576 1581 612 et
1605 572 1730 614 1⁵18.

194 658 246 685 ac
264 641 467 684 veteribus
488 639 746 694 editionibus,
777 655 867 683 cum
888 638 1116 683 eruditione
1135 640 1327 683 imbutus.
1385 640 1438 684 In
1469 642 1573 685 MS.
1590 641 1731 686 Vatic-

193 722 327 765 4498.:
341 715 452 758 omni
470 714 710 775 eruditione.
771 714 887 756 Bene
907 714 1135 757 emendavit
1156 714 1337 771 Lipsius,
1366 717 1582 759 communi.

254 791 317 834 Et
364 783 481 848 quem
521 788 676 846 pridie.
736 787 903 844 Copula
949 796 989 831 et
1030 791 1144 831 abest
1178 787 1203 830 ὲ
1246 788 1350 831 MS.
1390 789 1526 833 Vatic.
1558 798 1602 833 et
1642 789 1729 834 edis

132 922 137 925 X
194 866 375 910 tionibus
413 864 631 907 veteribus.
664 862 810 905 Eam
854 878 938 905 non
981 862 1090 906 male
1135 863 1289 907 addidit
1337 864 1504 955 Lipsius
1541 865 1565 908 ὲ
1596 863 1729 963 001.

188 941 326 984 Rom.
1452 967 1454 971 ,
1650 961 1654 970 .
1695 962 1698 971 .

190 1111 192 1114 ·
254 1092 375 1135 Cn.
398 1097 440 1135 3.
481 1090 654 1134 Catonis
674 1089 737 1132 tui
757 1104 880 1134 ames.
940 1089 1056 1133 Bene
1080 1089 1262 1148 Lipsius.
1322 1089 1443 1133 Male
1461 1098 1617 1134 veteres
1642 1089 1730 1134 edi—

144 1157 150 1163 *
193 1166 339 1218 tiones,
373 1162 546 1208 Catonis
563 1165 628 1208 tui
647 1179 776 1207 aures.
1069 1206 1071 1210 ,
1710 1176 1718 1194 ’

253 1237 716 1297 Apprehendisti.1ta
736 1238 956 1281 Rhenanus
976 1246 1017 1281 et
1035 1238 1294 1282 recentiores.
1353 1238 1404 1281 In
1423 1239 1628 1283 veteribus
1643 1238 1731 1283 edi

189 1315 391 1367 »tionibus
411 1313 724 1371 deprehendisti.
757 1313 926 1369 Lipsius
942 1321 982 1355 et
1002 1313 1176 1356 Modius
1197 1313 1376 1367 mallent,
1399 1313 1720 1371 reprehendistis

255 1388 385 1447 Leges
419 1395 465 1430 tu
498 1388 661 1446 quidem
692 1387 728 1431 si
758 1387 944 1431 volueris.
1004 1387 1055 1430 In
1086 1389 1262 1431 editione
1300 1388 1500 1445 principe,
1542 1387 1645 1447 leges
1682 1395 1731 1432 tu

193 1462 358 1523 quidem
377 1461 456 1505 sibi
475 1462 672 1505 debueris.
732 1460 834 1504 Inde
857 1462 1122 1515 Puteolanus,
1154 1478 1276 1519 quem
1297 1478 1439 1505 omnes
1467 1470 1560 1505 sunt
1586 1462 1732 1516 secuti,

193 1536 437 1590 emendavit,
455 1536 492 1580 si
509 1537 700 1580 volueris.
742 1536 878 1579 Aliter
898 1545 1045 1589 tamen,
1076 1553 1123 1579 ac
1144 1537 1248 1579 forte
1268 1536 1413 1579 melius
1434 1535 1571 1579 MSS.
1590 1535 1734 1580 vatic.

198 1613 311 1656 1862
331 1619 373 1654 et
389 1616 520 1660 4498.
551 1610 657 1670 leges
676 1619 722 1654 tu
742 1611 843 1669 quid
863 1610 1083 1654 Maternus
1115 1611 1195 1654 sibi
1229 1611 1427 1664 debuerit,
1456 1618 1495 1654 et
1524 1623 1730 1668 agnosces,

189 1686 263 1738 &c-
321 1685 389 1729 Ita
407 1701 571 1743 quoque
593 1685 696 1730 MS.
716 1686 852 1730 Vatic.
880 1692 1002 1730 1518.
1032 1688 1102 1730 sed
1123 1702 1199 1744 pro
1219 1686 1337 1744 quid
1340 1685 1576 1740 Matemus,
1604 1684 1730 1728 habet

193 1761 304 1822 quod
324 1759 558 1803 Maternus.

254 1835 448 1893 Sequenti
467 1834 719 1878 recitatione.
779 1833 845 1878 Ita
878 1834 1017 1877 MSS.
1050 1835 1186 1885 Vatic.
1232 1835 1303 1877 Sic
1337 1849 1500 1892 quoque
1538 1832 1730 1891 placebat

195 1909 354 1967 Lipsio.
387 1909 642 1965 Perperam
633 1909 807 1951 inlibris
828 1909 961 1962 editis,
992 1909 1249 1962 tractatione.
1634 1938 1638 1941 -

251 1980 677 2039 Editivnemfestino.
738 1982 891 2026 Mallet
907 1980 1158 2033 Gronovius,
1184 1983 1327 2041 gestio.

254 2056 488 2101 Causarum
504 2057 662 2100 studiis.
724 2057 840 2101 Bene
861 2057 1028 2115 Lipsius
1047 2066 1088 2100 et
1108 2057 1316 2100 Ernestus.
1376 2056 1496 2100 Male
1523 2057 1567 2100 in
1585 2053 1745 2100 vetem·

192 2132 272 2175 bus
291 2132 549 2185 editionibus,
579 2147 786 2174 curarum.
1702 2141 1706 2147 ·

257 2205 311 2249 V
296 2222 338 2249 ix
355 2206 563 2262 sufficeres.
624 2205 762 2250 MSS.
785 2205 919 2248 Vatic.
942 2204 1169 2262 Suffeceris.

254 2279 682 2339 Graecorumfabulis.
742 2280 880 2323 MSS.
901 2280 1037 2323 Vatic.
1060 2280 1358 2324 Graeculorum.

254 2354 533 2415 Aggregares.
592 2353 746 2398 Mallet
765 2355 946 2398 eruditus
969 2354 1171 2408 Pithoeus,
1199 2354 1443 2413 adgregare.

253 2504 374 2549 Cn’.
394 2513 436 2550 4.
467 2500 686 2549 Desidiam
706 2506 1022 2550 advocationum
1039 2505 1196 2565 objicis.
1258 2505 1373 2548 Bene
1393 2501 1571 2562 Lipsius
1579 2503 1604 2548 ὲ
1625 2503 1730 2549 MS.

195 2579 362 2623 Fames.
394 2579 650 2636 Perperam
639 2596 680 2623 m
713 2581 916 2659 veteribus
949 2580 1210 2633 editionibus,
1240 2580 1435 2623 desidiam
1466 2571 1730 2633 advocamur&

193 2654 493 2714 quotidianum,
511 2655 579 2705 850.

254 2726 537 2787 Defendendce
558 2728 747 2772 adversus
767 2737 806 2771 te
817 2728 1001 2786 poeticae.
1061 2728 1178 2772 Bene
1211 2729 1342 2771 adhuc
1375 2728 1542 2785 Lipsius
1574 2728 1599 2772 ὲ
1625 2727 1730 2773 MS.

195 2800 363 2846 Fames.
420 2800 474 2846 In
493 2797 693 2847 veteribus
712 2802 973 2857 editionibus,
1001 2801 1220 2861 defendens
1239 2802 1432 2847 adversus
1450 2809 1489 2846 te
1500 2800 1670 2861 poetice.
