1768 3236
63 180 104 220 J.
122 181 168 221 C.
186 182 252 223 70.
308 180 385 217 AD
415 178 625 217 LIBRUM
655 174 914 240 QUINTQM
947 178 1343 218 HISTORIARUM.
1509 186 1584 228 517

61 280 343 345 fanatieaque
379 290 537 329 vatum
579 280 748 337 turba‚¹
783 283 816 307 “
840 290 1010 343 quanto
1049 279 1283 328 instantius
1323 274 1581 342 discrimen,

63 360 99 387 “
119 369 247 405 tanto
279 357 542 420 propiorem
574 355 1019 420 manifestioremque
1048 357 1139 403 Dei
1168 359 1346 420 opem''
1380 359 1582 423 Jactitan-

62 433 196 493 tium,
228 433 423 482 salubria
466 432 728 480 avertissent
762 431 959 480 consilia.
1027 434 1095 479 At
1139 444 1330 491 mentes,
1368 428 1580 482 timorem

60 510 181 559 inter
214 527 434 574 spemque
468 509 699 573 ancipites,
742 510 986 557 turbabant
1029 508 1128 555 dira
1160 509 1407 574 praesagia,
1446 519 1583 575 supr-a

56 589 155 652 jam
183 590 467 645 memorata,²
501 598 546 634 et
578 597 752 633 atroces
775 584 939 633 excidii
973 584 1125 631 minae.
1194 586 1377 649 Nempe
1400 585 1426 632 ὲ
1450 587 1583 649 plebe

63 663 268 729 quidam,
291 664 420 724 Jesus
441 661 644 721 nomine,
667 660 964 726 quadriennio
981 671 1084 708 ante
1100 660 1364 722 inchoatum
1386 663 1583 710 bellum3

65 740 230 794 acerba
250 739 299 786 in
319 738 559 803 populum,
582 740 763 798 urbem,
786 738 1100 802 templumque
1115 737 1194 784 diu
1214 737 1273 785 ac'
1283 749 1422 786 noctu
1438 737 1588 788 fuerat

68 814 370 865 vociferatus:
388 819 407 845 ⁴
442 831 527 864 nec
562 815 713 874 minis,
746 832 831 863 nec
869 815 1134 862 verberibus
1167 814 1195 862 ’Ξι
1227 812 1356 879 ferali
1377 815 1587 865 carmine

65 892 328 944 destiterat-⁵
387 893 558 956 Coepto
580 892 705 940 urbis
727 891 921 950 obsidio,
939 890 1065 955 quasi
1087 884 1206 938 facta
1228 882 1456 955 praesagiis
1477 891 1588 950 fide,

69 979 262 1016 moestus
283 979 330 1016 et
357 969 405 1015 in
427 979 523 1015 atra
543 967 868 1054 cogitationum
891 967 1099 1016 conditus
1121 965 1349 1014 moenibus
1370 967 1588 1015 obambu-

14 1041 25 1053 “
67 1044 204 1103 labat,
221 1045 480 1093 clamitans.
518 1050 551 1072 “
573 1062 663 1103 vae,
686 1062 756 1092 vae
789 1040 956 1091 iterum
990 1042 1110 1101 urbi,
1139 1042 1329 1105 templo,
1350 1042 1585 1105 pepulo!”

67 1121 184 1169 Haec
205 1132 306 1168 tum
326 1121 637 1186 ingeminans.
669 1126 702 1148 “
726 1139 817 1179 vae,
831 1138 903 1168 vae
925 1119 1055 1168 mihi!
1067 1120 1099 1141 ''
1124 1118 1410 1177 exclamavit,
1431 1135 1588 1166 corru-

66 1196 192 1261 itque
214 1197 448 1256 exanimiS,
482 1198 629 1261 lapide
651 1196 812 1245 balista
848 1194 1043 1245 excusso
1065 1190 1341 1259 percussus.⁶
1409 1195 1589 1259 Recens

53 1272 217 1321 ‘adhuc
239 1285 519 1337 portentum,
541 1286 587 1323 et
616 1275 664 1323 in
693 1273 865 1323 tristius
892 1273 1263 1337 interpretatum5
1277 1271 1461 1320 cessavit
1475 1273 1589 1338 juge

71 1348 375 1398 sacrificium!

124 1524 138 1542 ¹
171 1496 306 1564 Vatum
339 1527 461 1566 turba.
500 1527 654 1580 Joseph.
690 1528 788 1567 Bell.

74 1590 134 1616 vi.
153 1581 189 1616 5.
208 1591 244 1617 n.
258 1584 296 1617 2.

125 1629 143 1647 ²
170 1631 394 1671 Memorata.
424 1634 526 1673 Hist.
546 1646 585 1672 v.
602 1640 640 1673 3.
730 1672 736 1678 .

123 1681 140 1704 ³
161 1684 412 1728 Quadriennio
423 1693 508 1725 ante
520 1689 661 1726 bellum.
680 1688 788 1732 Qua-

73 1737 243 1775 driennio
257 1748 342 1777 ante
357 1740 513 1792 bellum,
529 1741 792 1791 Hierosolyma

71 1795 224 1839 venerat
263 1793 311 1830 ad
347 1793 446 1831 diem
483 1794 620 1832 festum
657 1794 792 1831 Sceno-

70 1845 201 1895 pegiae,
229 1858 295 1883 seu
326 1847 680 1884 tabernaculorum:
711 1854 793 1884 tum

72 1897 238 1935 clamare
281 1900 407 1950 coepit,
448 1907 486 1937 et
519 1899 679 1951 perstitit
713 1901 792 1937 sine

73 1951 270 1997 raucitate,
298 1953 523 2004 integrisque
549 1954 701 1998 viribus,
728 1966 796 2004 per

73 2015 191 2041 annos
220 2011 361 2068 septem
385 2014 422 2044 et
427 2006 616 2070 mquinque
641 2019 792 2052 menses,

75 2054 128 2102 ἔφ’
141 2057 228 2094 ma
241 2054 306 2102 ἔτη,
324 2059 385 2096 καὶ
397 2059 499 2108 μῆνις
514 2057 616 2098 πέντε.
637 2058 791 2108 Joseph.

76 2109 176 2148 Bell.
191 2110 286 2148 Jud.
306 2123 364 2148 VI.
383 2116 421 2150 5.
439 2124 475 2149 n.
491 2116 528 2150 2.

125 2158 155 2183 ⁴*
193 2162 232 2200 V
227 2163 441 2214 ocfferatus.
501 2165 582 2203 Diu
616 2169 794 2214 noctuque

76 2229 196 2254 omnes
213 2217 314 2254 urbis
331 2218 429 2255 vicos
452 2217 645 2263 circuibat,
672 2217 797 2255 clami-

77 2274 187 2307 tans.-
221 2268 259 2306 V
255 2282 301 2306 ox
321 2271 366 2307 ab
380 2269 547 2317 Oriente,
575 2284 645 2309 vox
663 2271 705 2307 ab
727 2270 798 2307 Oc-

76 2322 232 2367 cidente,
259 2334 329 2359 vox
354 2323 377 2360 ἁ
395 2330 553 2373 quatuor
569 2323 701 2369 υεηίἱε,
727 2335 797 2360 vox
822 2351 830 2355 ι

77 2374 116 2412 in
136 2374 410 2426 Hierosolyma,
422 2381 459 2412 et
472 2376 509 2413 in
526 2378 710 2426 templum,
727 2388 797 2413 vox

75 2427 117 2464 in
133 2439 281 2476 sponsos
301 2433 338 2464 et
355 2427 392 2465 in
404 2441 568 2494 sponsas,
583 2442 653 2467 vox
666 2429 703 2465 in
720 2429 799 2466 uni-

78 2490 222 2518 vermm
235 2481 419 2530 populum.
448 2481 536 2520 Qum
550 2479 612 2518 ἐπ’
627 2483 800 2525 ανοιτολης,

79 2531 164 2578 φυνη
179 2533 246 2569 ἐπὶ
265 2529 393 2575 δυσ-ειυς,
414 2533 498 2579 puni»
515 2535 581 2570 oin-3
598 2535 659 2571 τῖν
676 2529 799 2570 veo-ed-

79 2599 139 2637 gur
155 2581 286 2634 ἄνεμοι,
314 2586 397 2630 <pum
418 2584 470 2622 ἐπὶ
494 2583 755 2651 Ιιςοσ-ὄλυμι,
740 2586 800 2622 αἱ

80 2638 135 2673 τον
163 2639 244 2682 rab,
272 2637 356 2683 φυνὸ
376 2637 430 2676 επὶ
455 2644 608 2686 νυμφιους
636 2639 697 2675 καὶ
726 2652 803 2686 νυμ-

72 2696 161 2735 φας,
181 2685 267 2736 φωνῇ
279 2688 339 2727 ἔπ’)
357 2691 409 2727 τὶν
426 2692 506 2726 λοιον
523 2687 651 2728 πάντα.
680 2692 799 2732 Tauro,

78 2739 192 2791 M*
177 2746 298 2794 ημίςιν
331 2743 393 2780 καὶ
420 2739 553 2806 υἷα-τως,
583 2759 643 2780 auu
670 2737 802 2784 πάντας

69 2793 158 2836 ’τους
177 2809 355 2836 νῆψις-ους
368 2791 499 2846 mgm'u
515 2793 696 2847 καςαγᾶς.
735 2794 802 2833 JO·

85 2845 235 2896 staphus,
253 2847 326 2885 loc.
343 2849 409 2886 cit.
457 2848 598 2885 Eadem
615 2845 829 2886 Hebraice

85 2897 198 2939 habet
211 2900 350 2951 Joseph
370 2900 606 2948 Gorionidoe,
626 2906 684 2939 vi.
703 2903 777 2938 53.

923 1524 938 1548 ⁵
967 1527 1195 1565 Destiterat.
1223 1525 1317 1564 Inde
1347 1524 1437 1567 cum
1467 1523 1500 1572 ὲ(
1517 1524 1588 1563 Ju-

869 1580 957 1618 daeis
1003 1581 1141 1618 frustra
1191 1575 1405 1616 verberibus
1461 1577 1588 1615 fuisset

871 1634 1038 1680 affectus,
1065 1632 1221 1678 Albino,
1239 1631 1320 1670 tum
1345 1627 1487 1673 Judaeae
1504 1643 1590 1681 pro-

870 1688 1050 1732 curatori,
1066 1685 1225 1724 traditus
1246 1692 1321 1729 est;
1348 1684 1452 1738 apud
1476 1696 1590 1734 quem

870 1740 918 1776 ad
937 1740 1075 1777 ossium
1095 1750 1214 1787 usque
1233 1735 1478 1775 nudationem
1494 1736 1590 1773 lani·

870 1800 968 1838 atus,
1002 1805 1071 1830 nec
1112 1803 1253 1840 prece8‚
1297 1802 1367 1828 nec
1403 1790 1589 1842 lacrymas

869 1845 1012 1892 effudit,
1031 1845 1081 1882 ad
1099 1841 1259 1893 singula
1268 1843 1414 1881 tantilm
1436 1843 1589 1879 verbera

870 1898 1081 1948 lugubriter
1100 1895 1303 1953 clamabat,
1324 1896 1408 1941 Vae,
1422 1908 1477 1933 vae
1497 1895 1590 1937 Hie-

870 1951 1078 2011 rosolymis,
1107 1946 1156 1987 A'a
1171 1945 1209 1986 a'c
1221 1940 1470 2000 ῐεςοῶολυμοις.
1526 1949 1588 1985 Ab

871 2004 1014 2042 Albino
1032 2004 1278 2052 interrogatus
1304 2013 1374 2038 cur
1391 2001 1472 2039 haec
1491 2001 1592 2039 dice-

871 2064 939 2103 ret,
991 2056 1087 2094 nihil
1131 2054 1283 2092 omnino
1327 2066 1382 2092 res
1385 2053 1590 2104 pondebat.

872 2110 1037 2148 Albinus
1050 2121 1151 2154 eum,
1166 2114 1210 2146 ut
1224 2107 1422 2153 amentem,
1436 2106 1592 2145 dimisit.

874 2163 909 2200 Is
937 2163 1023 2213 ergo
1055 2162 1094 2199 in
1123 2137 1198 2198 liae
1233 2172 1302 2197 sua
1327 2160 1592 2198 vociferatione

873 2215 1046 2265 perstitit,
1090 2213 1185 2251 nihil
1222 2211 1312 2250 mali
1346 2210 1590 2265 imprecatuS,

874 2268 962 2306 cum
994 2269 1032 2305 in
1062 2265 1225 2317 singulos
1260 2265 1336 2301 dies
1371 2266 1590 2317 vapularet;

871 2333 993 2371 neque
1021 2299 1143 2358 ciboso
1153 2317 1454 2368 impartientibus
1483 2319 1593 2356 bene-

874 2374 1047 2411 dicebat:
1076 2372 1139 2410 sed
1163 2383 1283 2412 unum
1307 2369 1365 2408 illi
1393 2371 1441 2408 ad
1468 2384 1594 2408 omnes

874 2438 1103 2476 responsum,
1127 2425 1265 2462 Dirum
1283 2436 1395 2470 omen,
1419 2423 1592 2475 nvogaem}

876 2475 1013 2519 κληδάν.
1039 2477 1191 2528 Joseph.
1209 2476 1300 2514 ibid.

929 2528 947 2548 ⁶
976 2531 1188 2569 Percussum.
1215 2528 1367 2580 Joseph.
1384 2529 1478 2567 ibid.

929 2582 946 2604 ⁷
976 2583 1141 2622 cessavit
1142 2586 1243 2635 iuge
1255 2583 1496 2633 sacrificium.¹
1491 2581 1596 2619 Ces-

877 2637 971 2675 savit
1018 2637 1078 2674 die
1114 2626 1422 2688 septimadecima
1463 2634 1596 2672 mensis

879 2690 1048 2734 Panemi,
1074 2703 1139 2727 seu
1175 2681 1600 2733 14.Julii;r1oeriau23’

879 2758 915 2786 ην
943 2739 1229 2783 ἔπειαιὸεκοή.
1252 2740 1465 2802 )osephus,
1498 2730 1597 2776 Bell.

877 2795 970 2833 Jud.
990 2807 1047 2835 vx.
1067 2799 1104 2834 2.
1132 2808 1170 2832 n.
1187 2796 1226 2833 Ἰ.
1273 2791 1416 2832 Eadem
1447 2804 1600 2843 quoque

878 2848 940 2893 die
970 2854 1174 2895 cessaverat
1205 2847 1261 2891 in.
1285 2846 1406 2897 primo
1443 2844 1597 2893 templo.

877 2899 990 2946 Quod
1011 2898 1137 2939 adhuc
1153 2901 1288 2937 acerbo
1306 2899 1453 2950 jejunio
1476 2900 1604 2946 singu·
