1768 3236
34 164 134 227 Jssc,
151 187 220 224 ιι.
470 182 618 225 mmu
640 181 792 238 'Nom
819 182 1140 227 ANNALIUM.
1501 198 1580 237 353

33 289 253 356 dantique
289 286 465 354 populo
504 287 708 338 occurrit
747 287 960 339 Valerius
998 290 1271 353 Asiaticus}
1309 294 1581 360 consularis,

32 367 298 434 magnaque
313 367 362 414 in
378 366 601 415 concione
625 371 660 396 ‘⁶
683 366 859 414 utinam
880 369 962 416 abs
983 385 1034 417 se
1055 381 1231 434 patrata
1253 384 1369 421 esset
1391 377 1580 426 caedes”

32 446 306 495 inclamavit.
356 443 527 493 Tantfi
568 444 741 493 ferocia
779 447 998 495 recedere
1032 448 1203 509 animi3
1241 461 1287 498 et
1315 451 1363 498 in
1397 452 1583 517 publica

35 524 139 574 Caii.
158 523 354 573 convitia
377 523 627 572 discessum
651 534 732 571 est.
793 524 953 573 Crevit
968 526 1178 586 audacia,
1202 528 1318 577 cum
1342 531 1582 593 Clemens,

34 620 177 668 quem
198 619 338 667 supra
359 601 649 661 memoravi,²
682 600 1005 650 Minucianum
1028 615 1298 670 ceterosque
1329 619 1580 670 senatores,

33 681 173 729 caedis
212 680 438 739 conscios,
471 681 530 728 ad
552 697 601 728 se
623 680 848 728 adductos
882 681 1085 741 remisit3
1124 687 1158 710 “
1184 684 1445 750 Gaiumque
1484 703 1582 749 non

27 763 69 814 “-‘
105 760 447 822 Romanorum,
481 759 563 806 sed
585 758 678 806 suis
700 758 800 806 telis
822 758 1093 807 confossum
1109 763 1122 788 ³
1159 762 1376 825 periisse”
1405 763 1583 828 profes-

32 853 111 884 sus
132 847 218 896 est,
251 835 404 884 occiso
425 834 626 900 Principi
648 834 982 897 infestissimus,
1016 837 1149 903 quod
1171 841 1307 889 anteit
1330 841 1534 891 timidus.

103 999 150 1041 5.
187 994 271 1040 AT
297 993 509 1041 consules
532 993 714 1042 Sentius
737 992 1011 1042 Saturninus
1034 1005 1079 1041 et
1101 995 1386 1059 Pomponius
1409 998 1583 1046 Secun-

36 1072 164 1130 dus,⁴‹
193 1071 480 1136 gravioribus
515 1073 655 1119 rebus
690 1071 867 1130 intenti,
903 1071 1118 1141 despecta
1154 1072 1300 1133 curia,
1336 1074 1443 1139 quia
1464 1075 1584 1124 Julia

35 1151 320 1208 vocabatur,⁵
353 1148 527 1197 forum·
545 1149 920 1215 Capitoliumque
951 1162 1319 1215 occupaverant3
1352 1152 1584 1217 jussisque

34 1227 240 1275 Urbanis
279 1227 547 1275 cohortibus
586 1227 776 1275 senatus
811 1227 1040 1276 securitati
1075 1229 1330 1294 invigilare,
1379 1229 1583 1279 edictum

37 1304 152 1354 Caio
187 1300 608 1354 contumeliosum⁶
647 1312 951 1370 proposuere,
985 1306 1211 1371 promissa
1240 1307 1416 1372 populo
1445 1307 1585 1357 vecti·-

59 1512 102 1550 Ι*
137 1531 309 1571 Valerius
337 1531 543 1570 Asiaticus.
598 1533 635 1570 A
666 1532 771 1588 Jose7

35 1586 126 1637 pho,
154 1587 286 1637 Antiq.
314 1586 406 1624 Jud.
439 1599 536 1624 xlx.
572 1591 606 1624 1.
635 1600 674 1624 n.
702 1592 767 1625 20.

850 1533 917 1571 sed
952 1531 1099 1571 tantam
1133 1531 1283 1577 marito,
1329 1530 1512 1583 Princeps
1549 1538 1587 1570 ec

849 1587 1076 1625 adulterium
1107 1600 1211 1625 suum
1245 1592 1379 1624 narret
1405 1593 1442 1624 et
1464 1586 1589 1639 fasti-

0 2974 18 2996 ,ι

35 1640 253 1691 appellatur
277 1640 337 1678 vir
355 1640 574 1686 consularis,
603 1642 768 1682 ὑπατικὸς

35 1694 123 1747 ιἰιῆς.
170 1694 272 1744 Ergo
286 1695 369 1744 jam
386 1695 519 1732 consul
537 1695 769 1744 designatus,

36 1758 106 1786 aut
122 1750 301 1786 suffectus
319 1749 454 1786 fuerat.
509 1749 570 1785 De
583 1749 616 1798 ej
623 1762 664 1785 us
679 1761 769 1786 con-

35 1802 224 1840 sulatibus
255 1802 402 1840 dictum
433 1803 471 1839 in
504 1803 604 1840 notis
622 1803 670 1839 ad
691 1804 770 1839 An-

35 1856 114 1894 nal.
136 1868 199 1894 x1.
220 1863 255 1894 1.
293 1859 349 1894 At
365 1855 519 1894 feralem
537 1857 620 1906 ejus
638 1869 768 1894 vocem

34 1910 202 1948 referunt
220 1919 302 1948 tum
321 1910 520 1961 Josephus,
547 1910 642 1948 ibid.
663 1923 770 1948 num.

36 1969 102 2003 20.
123 1973 203 2001 tum
224 1965 315 2010 Dio,
342 1977 434 2001 Lix.
452 1970 491 2014 p'.
511 1961 603 2002 663.
656 1962 771 2000 Ἀνελ-

33 2017 99 2055 &Aa
117 2016 144 2059 ἒς
162 2015 333 2070 memmi}
351 2034 386 2054 τι
413 2017 543 2070 χωρίον,
574 2018 635 2054 καὶ
665 2014 772 2057 {2506-

35 2088 110 2115 σοις,
142 2069 224 2109 Εἵθῖ
241 2070 303 2118 ἐγῶ
321 2072 419 2108 αὐτὸν
432 2069 619 2109 ἀπεκἹόνειν.
677 2070 772 2109 Con-

34 2127 200 2177 spicuam
229 2127 268 2164 in
298 2126 415 2163 locum
445 2138 682 2176 progressu&
713 2138 772 2162 ex-

35 2180 233 2219 clamaz·it.·
259 2179 413 2218 Utinam
432 2192 500 2230 ego
517 2181 635 2230 ipsum
653 2179 772 2216 inter-

20 2234 214 2286 fecissent.
271 2233 388 2271 Illum
417 2233 514 2271 inter
541 2233 685 2270 amicos
703 2232 770 2270 ha-

38 2289 174 2326 buerat
196 2287 327 2333 Caius,
354 2295 393 2324 et
420 2287 572 2337 indigne
591 2287 768 2332 irriserat,

37 2349 82 2380 ut
112 2341 327 2392 accipimus
356 2355 406 2378 ex
435 2339 590 2386 Seneca,
619 2341 664 2378 de
685 2354 771 2378 con-

34 2395 180 2434 stantia
206 2394 408 2445 Sapientis,
438 2407 569 2433 xvxn.
625 2395 771 2432 Asiati-

35 2455 117 2488 eum
154 2449 344 2488 Valerium
379 2449 417 2486 in
452 2448 587 2500 primis
629 2448 771 2494 amicis,

22 2503 195 2556 ferocem
224 2504 359 2550 virum,
387 2507 425 2540 et
443 2504 505 2540 vix
523 2515 623 2552 aequo
648 2502 772 2542 animo,

35 2558 177 2595 alienas
194 2556 433 2594 contumelias
449 2557 626 2594 latarum.
665 2556 770 2593 Huic

30 2611 74 2649 in
110 2609 292 2656 convivio,
329 2610 370 2647 id
404 2616 475 2656 est,
513 2611 552 2647 in
587 2609 772 2654 concione,

34 2677 124 2703 voce
141 2662 362 2711 clarissima,
380 2665 502 2715 qualis
520 2663 558 2700 in
576 2663 772 2701 concubitu

34 2723 131 2757 esset
148 2730 242 2755 uoeor
260 2720 354 2768 ejus,
381 2718 530 2770 objecit.
585 2716 658 2755 Dii
675 2715 772 2762 boni,

33 2772 104 2810 hoc
121 2772 243 2810 'cirum
261 2772 406 2815 audire,
434 2770 647 2821 Principem
660 2770 771 2816 scire,

34 2831 74 2863 et
89 2838 203 2876 mque
219 2825 259 2862 eb
277 2825 464 2863 licentiam
476 2824 700 2876 pervenisse,
715 2829 773 2870 ut,

34 2891 109 2918 aon
127 2879 210 2918 dico
227 2879 431 2924 consulari,
448 2892 521 2916 non
540 2878 622 2916 dico
641 2878 773 2930 amico,

74 2943 144 2987 est,
174 2950 196 2990 5
304 2958 423 2991 von.
448 2958 520 2992 Π.

59 3149 95 3179 ιι
207 3135 240 3178 ,4

19 3176 126 3236 A&
140 3225 149 3233 .
165 3178 281 3236 „ij

850 1641 962 1678 dium.

903 1691 922 1710 ²
949 1694 1076 1744 Supra
1109 1693 1319 1732 memoravi.
1377 1695 1422 1732 In
1449 1695 1588 1747 Suppl.

851 1748 994 1786 Annal.
1015 1760 1114 1785 V111.
1136 1752 1186 1791 72
1202 1755 1239 1784 et
1257 1761 1334 1798 seq.

904 1799 920 1820 ³
950 1801 1038 1839 Suis
1057 1802 1142 1839 telis
1160 1800 1378 1852 corgfossum.
1426 1802 1585 1854 Quippe

850 1855 917 1906 qui
963 1856 1097 1906 legum
1143 1863 1355 1905 contemtu,
1418 1857 1582 1906 injuriis,

850 1909 1108 1956 contumeliis,
1135 1909 1236 1946 vitiis
1266 1909 1456 1955 omnibus,
1484 1911 1586 1948 viros

850 1965 922 2002 sibi
937 1963 1191 2001 amicissimos
1209 1963 1254 1999 ad
1274 1964 1331 2000 sui
1365 1964 1497 2001 odium
1518 1964 1586 2001 ad-

850 2019 1028 2063 duxerat,
1067 2024 1110 2054 ut
1139 2016 1312 2066 pluribus
1344 2018 1588 2068 prosequitur

849 2072 1025 2110 Clemens
1043 2071 1146 2121 apud
1165 2070 1319 2121 Joseph.
1340 2072 1473 2123 Antiq.
1491 2072 1586 2110 Jud.

853 2138 949 2163 xm.
971 2130 1005 2162 l.
1024 2138 1062 2162 n.
1085 2129 1146 2169 19.

901 2177 923 2200 ⁴
970 2178 1195 2229 Pomponius
1245 2176 1450 2216 Secundus.
1535 2178 1588 2223 Q.

850 2233 1084 2283 Pomponius
1116 2231 1315 2269 Secundus
1345 2231 1479 2269 consul
1509 2233 1588 2269 suf-

849 2286 986 2324 fectus.
1039 2285 1193 2336 Joseph.
1220 2285 1354 2336 Antiq.
1375 2285 1469 2324 Jud.
1490 2297 1588 2324 mx.

851 2345 890 2378 4.
912 2353 948 2377 n.
968 2343 1007 2378 5.

905 2392 919 2413 ⁵
951 2393 1052 2436 Quia
1083 2392 1192 2431 Julia
1221 2391 1440 2431 vocabatur.
1496 2393 1590 2431 Sue-

853 2454 931 2485 ton.
951 2448 992 2485 in
1009 2447 1118 2493 Caio,
1141 2458 1213 2483 Lx.
1243 2446 1403 2484 lucensis
1422 2447 1595 2486 destruc-

853 2501 969 2552 tfique
999 2500 1110 2538 curii).
1129 2498 1311 2546 Hostilia,
1340 2500 1381 2538 in
1407 2501 1591 2545 honorem

852 2556 939 2594 Caii
955 2556 979 2594 J
984 2555 1054 2592 ulii
1073 2556 1231 2592 Caesaris
1249 2561 1448 2592 exstructa
1467 2555 1590 2594 fuerat

853 2610 964 2648 curia
998 2608 1133 2655 altera,
1167 2608 1349 2658 dictaque
1381 2608 1503 2655 Julia,
1534 2615 1591 2648 ‘ut

853 2663 978 2701 videre
1004 2670 1059 2700 est
1078 2663 1183 2713 apud
1204 2662 1384 2709 Dionem,
1413 2674 1534 2701 xmv.
1551 2676 1592 2713 p.

854 2721 947 2756 242.
967 2722 1005 2754 et
1024 2728 1166 2754 xnvn.
1184 2730 1222 2767 p.
1243 2719 1338 2754 338.
1422 2715 1426 2725 '

908 2766 926 2787 ⁶
946 2770 1037 2808 Caio
1050 2769 1364 2808 contumeliosum.
1391 2768 1594 2820 Josephus,

854 2824 1102 2875 Antiq.ssJud.
1122 2836 1220 2862 xxx.
1241 2830 1276 2862 l.
1294 2836 1333 2861 n.
1352 2825 1420 2861 20.

1229 2955 1261 2987 Ζ
