1800 3236
694 137 1012 203 GaRMANJA.
1576 167 1625 209 19

73 270 178 323 Nec
200 270 388 338 regibus
408 268 600 328 infinita,
623 279 702 317 aut
723 269 867 320 libera
882 270 895 290 ¹
919 277 1146 332 potestas:
1173 278 1219 314 et
1241 267 1382 316 duces
1399 269 1616 333 exemplo

73 349 232 414 potius
254 366 398 414 quam
419 347 642 412 imperio.
677 346 715 394 si
736 345 926 410 promti,
948 345 987 394 si
1009 343 1263 408 conspicui,
1286 345 1323 392 si
1344 356 1450 393 ante
1470 346 1615 394 aciem

73 439 229 492 agant,
273 425 572 474 admiratione
615 435 834 488 praesunt.
929 423 1175 480 Ceterum,
1219 438 1372 509 neque
1415 423 1615 484 animad-

73 515 279 572 vertere,
293 520 445 568 neque
466 501 656 560 vincire,
679 517 739 548 ne
760 501 1003 548 verberare
1034 499 1240 564 quidem,
1265 499 1352 547 nisi
1373 502 1617 554 sacerdoti-

71 583 161 630 bus
195 582 497 646 permissum:
516 583 532 601 ²
566 595 662 626 non
700 578 828 642 quasi
863 577 911 624 in
945 593 1152 642 poenam,
1188 594 1274 626 nec
1311 577 1482 642 ducis
1466 596 1615 643 jussu,

69 660 153 708 sed
175 659 302 707 velut
324 660 430 707 Deo
452 658 722 721 imperante,
746 673 887 720 quern
909 656 1066 703 adesse
1088 655 1362 703 bellantibus
1384 638 1610 704 credunt:

70 736 352 803 effigiesque,
386 748 432 784 et
467 736 596 801 signa
631 735 879 799 quaedam‚³
917 734 1119 782 detracta
1149 733 1279 792 lucis,
1317 733 1365 780 in
1398 733 1613 797 praelium

68 812 240 863 ferunt.
328 815 565 878 Quodque
608 812 896 877 praecipuum
940 811 1218 859 fortitudinis
1265 810 1611 859 incitamentum

13 918 17 922 -
69 903 155 951 est,
176 909 273 940 non
296 909 443 950 casus,
466 909 551 939 nec
574 890 762 938 fortuita
783 889 1075 956 conglobatio
1092 901 1294 936 turmam
1311 899 1390 936 aut
1406 904 1612 951 cuneum

64 969 192 1029 facit,
210 972 291 1018 sed
314 968 498 1018 familiae
515 982 560 1018 et
577 969 965 1034 propinquitates:
991 979 1036 1016 et
1056 967 1105 1015 in
1127 966 1343 1031 proximo
1365 966 1613 1031 pignoraz⁴

66 1048 192 1095 unde
214 1047 512 1113 foeminarum
548 1048 749 1106 ululatus
785 1047 948 1105 audiri,
979 1047 1103 1094 unde
1126 1044 1305 1110 vagitus
1333 1042 1606 1092 infantium:

67 1124 116 1172 hi
155 1125 322 1189 cuique
340 1116 343 1118 v
360 1120 626 1173 sanctissimi
670 1137 823 1184 testes,
869 1125 917 1172 hi
956 1123 1146 1171 maximi
1185 1122 1457 1170 laudatores.

1526 1122 1607 1178 Ad

66 1213 252 1261 matres,
291 1203 351 1255 ad
390 1204 609 1269 conjuges
648 1204 840 1251 vulnera
875 1201 1059 1251 ferunt:
1095 1218 1181 1249 nec
1216 1200 1307 1249 illae
1343 1215 1605 1258 numerare,

63 1290 145 1328 aut
177 1279 364 1346 exigere
391 1281 548 1346 plagas
562 1283 578 1309 ⁵
613 1292 793 1345 pavent.

61 1357 277 1406 nantibus
297 1369 489 1423 gestant.

65 1583 181 1623 licata
198 1584 394 1635 colloquia,
421 1586 499 1631 sed,
527 1586 625 1625 tubis
642 1599 790 1625 concre-

58 1638 252 1688 pantibus,
281 1652 359 1676 sum
394 1641 595 1689 quoesitus;
641 1642 698 1678 αι’
719 1642 791 1680 tali

49 1691 217 1743 fremitu
235 1693 442 1731 concitatus
469 1694 651 1732 desiderio
670 1695 791 1733 mirtu-

61 1745 113 1783 tis
150 1745 324 1796 ingenita:
358 1760 480 1797 regem
510 1748 581 1786 sibi
615 1749 789 1787 martiam

63 1799 220 1838 Geticus
251 1802 334 1848 (seu
378 1800 587 1849 Gothicus)
630 1804 790 1854 populus

61 1851 258 1892 inveniret.

117 1960 335 2011 ¹Ivfinita‚
353 1968 420 2001 aut
439 1962 568 2001 libera.
598 1963 691 2002 Inde
709 1977 789 2002 am-

42 2014 200 2060 &inrisa
227 2016 467 2063 Eburonum,
495 2017 613 2067 gentis
631 2018 790 2056 Germa-

57 2069 169 2116 nicae,
205 2083 283 2116 rex,
320 2071 569 2121 profitebatur
607 2085 675 2110 sua
712 2086 788 2110 esse

59 2123 238 2173 ejusmodi
282 2123 448 2175 imperia,
485 2131 529 2162 ut
561 2139 633 2163 non
667 2126 788 2164 minas

58 2176 211 2215 haberet
227 2178 265 2215 in
281 2191 320 2215 se
326 2179 435 2229 juris
451 2179 664 2225 multitudo,
679 2179 787 2230 quam

58 2229 136 2280 ipse
163 2231 200 2268 in
231 2231 515 2276 multitudinem,
546 2232 628 2271 Jul.
646 2234 786 2280 Caesar,

60 2283 159 2323 Bell.
187 2284 293 2322 Gall.
325 2298 365 2323 v.
394 2291 458 2329 27.
501 2286 542 2323 Si
577 2287 787 2325 Germano-

58 2350 145 2376 rum
175 2339 532 2390 Canadmsiumque
563 2341 784 2392 principum

56 2398 277 2443 potestatem
298 2394 480 2440 conseras,
508 2395 679 2433 eamdem
704 2408 784 2432 om·

54 2445 146 2482 nino
163 2446 338 2496 reperies.
385 2447 486 2485 Vide
503 2448 548 2486 P.
565 2448 611 2486 de
626 2448 783 2486 Charle-

54 2500 163 2544 voix,
176 2499 251 2537 loc.
263 2500 328 2537 cit.
343 2500 477 2539 Lettre
492 2514 660 2553 xv111.p
664 2500 780 2541 ..268

107 2550 127 2568 ²
153 2553 247 2591 Nisi
273 2554 526 2594 sacerdotibus
551 2557 780 2607 permissum.

52 2604 115 2644 Ita
132 2615 177 2644 ut
204 2614 330 2644 tamen
348 2607 434 2646 vitae
448 2603 640 2660 necisque
659 2617 782 2661 potes-

53 2666 110 2698 tas
128 2668 295 2698 maneret
311 2674 423 2712 penes
439 2663 714 2714 magistratum,
734 2665 781 2702 de

51 2727 131 2764 quo
146 2714 229 2752 Jul.
242 2715 383 2760 Caesar,
402 2716 500 2754 Bell.
503 2695 622 2755 t'Gallss
637 2730 697 2755 vl.
714 2722 780 2757 23.

53 2766 145 2806 cam
162 2768 294 2806 bellum
309 2769 445 2809 civitas
458 2776 531 2808 aut
548 2771 695 2809 illatum
719 2772 780 2810 de-

3 2821 186 2873 sentiit,
204 2828 271 2860 aut
288 2823 419 2875 infert,
445 2824 692 2876 magistratus
717 2826 781 2876 qui

49 2875 86 2913 ei
112 2876 206 2914 bello
222 2877 394 2928 pressim,
421 2883 466 2916 ut
497 2878 585 2917 vitae
611 2879 780 2929 necisque

49 2928 210 2970 habeam
249 2936 487 2983 potestatem,
532 2933 780 2985 deliguntur.

864 1280 1100 1345 Cibosque
1122 1290 1167 1327 et
1200 1275 1458 1327 hortamina
1490 1293 1606 1342 pug-

866 1585 983 1623 Poena
1013 1582 1274 1622 sacerdotibus
1308 1579 1523 1626 commissa,
1554 1588 1599 1619 ut

865 1639 1140 1690 imperantibus
1158 1636 1285 1674 minus
1310 1636 1406 1674 foret
1434 1635 1597 1683 invidiae,

866 1693 1114 1744 punientibus
1131 1690 1219 1742 plus
1239 1703 1302 1727 rev
1304 1689 1467 1727 erentiae.

918 1743 934 1766 ³
964 1747 1199 1798 Effigiesque,
1227 1749 1263 1782 et
1287 1743 1397 1794 signa
1421 1743 1598 1793 quasdam.

867 1801 1016 1852 Effigies
1034 1802 1212 1845 ferarum,
1232 1805 1276 1836 ut
1294 1797 1460 1835 vidimus
1479 1809 1598 1847 supra

867 1855 967 1892 Hist.
996 1868 1067 1892 xv.
1085 1858 1148 1892 22.
1177 1864 1272 1903 quas
1302 1851 1445 1901 insigne
1471 1850 1595 1901 religi·

864 1910 947 1947 onis
965 1916 1002 1946 ot
1022 1907 1181 1946 tutelam
1207 1906 1412 1951 habebant,
1431 1910 1476 1942 ut
1494 1905 1598 1943 dice·

866 1969 928 2000 tur
945 1963 1043 2000 infra
1068 1974 1155 2012 cap.
1173 1963 1240 1998 45.
1294 1959 1410 2014 Signa
1422 1970 1596 2008 quoque,

865 2016 1037 2054 hostibus
1051 2024 1179 2066 capta,
1200 2025 1300 2064 quae,
1309 2007 1489 2058 inlucis,
1509 2012 1621 2051 Diis.

865 2071 998 2120 patriis
1013 2069 1199 2121 suspende
1203 2071 1353 2106 bantur.
1391 2066 1494 2103 Vide
1513 2068 1596 2104 An-

863 2124 940 2162 nal.
967 2136 997 2162 1.
1026 2127 1090 2168 59.
1145 2122 1199 2160 Ut
1233 2120 1430 2167 Germani,
1466 2120 1522 2158 sic
1555 2128 1595 2159 et

864 2179 1102 2216 Canadenses
1117 2175 1250 2227 populi
1268 2176 1369 2212 Deos
1381 2186 1480 2218 suos,
1498 2186 1594 2224 quos

861 2239 1000 2270 vocant
1018 2230 1216 2269 Manieous
1243 2229 1282 2266 in
1300 2227 1446 2266 bellum
1467 2227 1592 2278 praeli-

864 2298 1007 2334 umque
1026 2286 1164 2323 ferunt.
1220 2282 1321 2320 Vide
1345 2282 1388 2319 P.
1406 2281 1453 2319 de
1471 2281 1594 2319 Char-

864 2339 1008 2385 levoix‚
1040 2337 1207 2378 Journal
1242 2335 1467 2385 Historique
1500 2336 1540 2374 d’
1543 2349 1592 2373 un

860 2405 1002 2445 voyage
1018 2393 1063 2431 de
1080 2393 1095 2430 l
1099 2390 1322 2440 Ἀπιένὶᾳιιε,
1343 2388 1496 2428 Lettres
1514 2400 1590 2427 xxv

859 2455 897 2485 et
917 2459 990 2484 xv.
1010 2461 1048 2498 p.
1068 2449 1145 2484 223
1165 2441 1312 2483 et236.

910 2498 931 2520 ⁴
957 2500 1008 2538 In
1034 2499 1204 2551 proximo
1223 2498 1401 2549 pignora.
1456 2495 1591 2535 Talem

859 2552 1055 2594 exercitlls
1083 2553 1254 2592 ordinem
1280 2551 1446 2589 vidimus
1473 2563 1591 2602 supra

860 2608 960 2646 Hist.
976 2619 1036 2645 1v.
1063 2612 1125 2646 18.
1180 2607 1241 2644 Ita
1261 2613 1299 2643 et
1315 2606 1418 2655 apud
1440 2604 1589 2643 Britan-

856 2674 923 2700 nos
939 2664 980 2700 in
997 2660 1140 2700 Annal.
1158 2671 1251 2699 ΧΠ.
1267 2662 1334 2697 34.
1374 2659 1475 2696 Vide
1496 2671 1590 2708 quo-

855 2729 932 2766 que
954 2715 1106 2754 Julium
1135 2714 1336 2759 Caesarern,
1362 2712 1460 2750 Bell.
1482 2712 1588 2751 Gall.

856 2781 886 2807 L
907 2773 1118 2874 {Ilia-igere
1145 2821 1291 2873 plagas.
1329 2820 1379 2858 Et
1409 2825 1591 2885 expostu-

855 2877 947 2925 lare,
971 2879 1002 2916 si
1030 2877 1155 2927 ignavi
1179 2875 1366 2925 illaesique
1393 2875 1590 2921 redissent,

856 2938 926 2972 aut
941 2932 1123 2971 indecora
1141 2929 1300 2970 vulnera
1318 2928 1566 2980 accepissent.
