1768 3236
80 209 120 250 J.
131 209 178 249 C.
195 211 262 248 40.
484 205 630 245 LIBRI
659 203 869 244 OCTAVI
895 204 1217 246 ANNALIUM.

77 313 268 371 Pharo,¹
302 309 514 360 noctibus
535 310 594 358 ad
615 304 845 375 regendos
866 308 1054 358 navium
1080 312 1279 368 cursus,²
1310 306 1443 377 ignes
1460 308 1630 363 emica-

77 401 210 438 rent:
245 388 394 437 velata
416 381 614 453 publicae
636 387 837 436 utilitatis
858 388 1052 436 obtentu
1074 386 1284 459 vanitate.
1378 399 1381 404 ‘

1546 177 1645 250 sns's

1668 139 1699 179 ’ὁ

144 551 235 590 38-
261 544 538 590 MANSURA
584 542 819 606 opprobrii
858 553 1159 590 monumenta
1191 524 1367 590 exstrui
1403 544 1621 614 dolebant
1682 603 1687 610 ¹

77 619 297 678 Romani,
331 620 539 667 ridebant
574 620 794 667 Barbari:
831 637 962 683 rquos
992 619 1112 667 inter
1140 620 1352 679 Brinno,3
1389 622 1628 671 eamme--

72 695 180 757 fas‚⁴
211 714 351 760 super
367 697 616 761 ingenitam
633 695 853 745 ferociam
870 715 931 745 ex
948 688 1240 746 contumeliae
1256 695 1469 746 facilitate
1491 714 1618 748 arro-
1664 762 1666 764 v

69 790 202 841 gans,
236 775 434 822 ducenta
455 774 697 823 hominum
711 775 870 834 millia,
903 775 1064 823 insano
1086 776 1223 834 duce,
1254 767 1453 824 invalida
1467 776 1630 841 despici

69 868 204 917 cere,
241 850 591 900 infrementibus
614 852 790 918 legatis,
823 851 1085 918 frustraque
1118 853 1446 913 obnitentibus,
1479 865 1542 913 et,
1575 853 1614 903 si

67 919 181 993 quid
230 930 515 977 adtentarent
566 941 618 978 ut
665 930 933 996 ignominia,
988 930 1186 979 Variana
1236 931 1367 979 clade
1415 931 1614 996 turpior,

63 1007 428 1071 propulsaretur,
484 1008 591 1056 odio
648 1009 799 1058 statim
853 1009 1096 1074 oppressis.
1164 1009 1345 1057 Interea
1394 1008 1622 1073 Princeps*

62 1083 224 1132 alienae
264 1084 410 1132 laudis
453 1085 631 1145 avidus,
685 1103 771 1134 nec
790 1112 795 1120 =
811 1086 895 1135 nisi
934 1105 1018 1151 per
1048 1086 1364 1135 'deridiculum
1408 1086 1613 1150 quaesitae

62 1172 299 1225 appetens,
346 1163 408 1210 ob
441 1177 601 1222 novas,
636 1174 681 1211 et
714 1164 846 1212 sicuti
878 1181 1000 1213 anno
1051 1164 1286 1229 superiore
1331 1173 1612 1228 personatas,

62 1238 344 1288 velitationes
394 1240 695 1305 imperatoriis
744 1243 1007 1291 nominibus
1041 1242 1252 1300 auctior,5
1308 1240 1608 1307 cogitationes
1646 1295 1649 1298 ,

61 1331 231 1374 omnes
254 1317 313 1364 ad
343 1317 564 1382 triumphi
598 1337 758 1370 curam
792 1322 1117 1370 convertebat:
1154 1319 1195 1367 ei
1229 1335 1355 1368 curae
1392 1329 1507 1377 erat,
1536 1325 1619 1377 ut,

63 1405 235 1458 praeter
252 1394 453 1458 captivos
476 1406 521 1443 et
538 1396 797 1462 transfugas
827 1399 1064 1456 barbaros,
1101 1391 1361 1444 Galliarum
1390 1394 1630 1460 procem,
1651 1416 1654 1419 ⁴

60 1470 204 1521 simus
221 1469 454 1539 quisque,⁶
476 1484 527 1523 ut
551 1475 725 1523 Graeco
747 1475 974 1524 vocabulo
996 1474 1174 1545 dicebat
1207 1478 1242 1501 ‘⁶
1260 1470 1428 1538 dignus
1449 1472 1610 1521 trium-

51 1654 243 1705 colligata.
273 1656 436 1694 Prorsus
453 1661 496 1695 ut
509 1671 583 1696 non
600 1657 796 1706 minimam,
867 1664 973 1697 nocte
991 1657 1112 1708 ignem
1128 1657 1310 1696 accendit.

50 1709 159 1757 qaam
177 1707 358 1760 Caligulae
376 1717 522 1748 atatem
542 1712 724 1761 praeferre
742 1714 796 1751 vi·
919 1709 933 1730 ³
974 1712 1132 1749 Brinno.
1188 1712 1317 1756 Quem
1360 1712 1612 1747 memoratum

50 1761 213 1800 deretur.
271 1765 364 1801 Erat
388 1766 602 1815 octangala,
628 1766 794 1816 singula·
860 1766 941 1815 jam
962 1766 1125 1803 vidimus
1144 1765 1245 1802 Hist.
1265 1776 1324 1802 lv,
1347 1768 1406 1802 15.

49 1828 118 1865 que
147 1817 269 1854 latera
295 1823 347 1857 24
369 1824 436 1856 aut
468 1823 533 1857 25.
560 1820 693 1868 pedum
705 1836 720 1864 ;
750 1828 793 1859 ut
918 1817 938 1840 4
966 1818 1204 1871 Canninefas.
1262 1819 1322 1855 De
1353 1815 1614 1857 Canninefati-

48 1874 151 1907 totus
162 1869 221 1908 illi
226 1885 264 1907 us
279 1874 329 1908 cd
338 1873 453 1910 solam
468 1872 648 1911 circuitus
662 1875 793 1923 pedum
866 1875 936 1913 bus
955 1874 1103 1911 dictum
1122 1880 1178 1911 est
1189 1885 1307 1923 supra
1319 1871 1459 1910 Annal.
1473 1883 1532 1908 1v.
1545 1875 1613 1915 732

43 1922 156 1960 simul
185 1929 259 1969 192
286 1931 352 1963 aut
380 1930 471 1964 200.
487 1927 552 1964 sit.
606 1927 796 1967 Paulatim

45 1976 234 2015 desinebat
267 1979 306 2016 in
339 1993 488 2017 acumen
519 1981 794 2031 pyramidisque

26 2030 335 2078 similitudinem.
389 2033 521 2071 Medio
541 2033 634 2085 fere}
661 2035 793 2074 altitu-

45 2083 156 2129 dinis,
184 2086 373 2134 quaternis
400 2088 593 2124 dumtaxat
611 2088 790 2128 lateribus

30 2135 228 2187 fenestras
243 2139 423 2178 habebat.
452 2141 680 2187 Bucherius,
700 2142 788 2180 Bel-

38 2189 144 2240 gium
171 2192 389 2241 Romanum,
418 2206 477 2231 1v.
499 2199 559 2231 10.
582 2209 621 2246 p.
642 2201 731 2235 145.
751 2204 788 2234 et

43 2243 89 2281 P.
126 2245 341 2294 Wastelain,
388 2248 632 2298 Description
667 2251 712 2288 de
748 2251 786 2289 la

43 2296 166 2337 Gaule
184 2299 376 2352 Belgique,
404 2314 443 2352 p.
463 2305 555 2341 382.

96 2403 110 2421 ¹
141 2406 202 2443 Ex
226 2407 366 2445 Pharo.
422 2409 484 2446 Ex
515 2409 639 2447 Pharo
668 2411 786 2449 Alex-

38 2458 212 2506 andrina,
238 2462 409 2499 omnium
428 2463 687 2502 celeberrima.

92 2509 111 2528 ²
139 2512 306 2552 Navium
342 2528 484 2554 cursus.
551 2517 708 2556 Sueton.
744 2519 781 2555 iu

38 2565 148 2613 Caio,
177 2580 299 2606 xnvx.
354 2569 605 2608 Memoranda
628 2585 783 2622 quoque

34 2619 247 2660 Annalium
280 2622 522 2669 Metensium,
549 2637 665 2675 supra
699 2626 784 2663 lau-

36 2673 227 2720 datorum,
257 2677 382 2714 verba.
437 2677 527 2728 Ipse
555 2685 677 2716 autem
707 2680 785 2717 Im-

29 2733 191 2776 perator
211 2729 386 2775 Carolus,
413 2731 463 2767 ad
482 2731 632 2769 classem
658 2733 784 2770 viden-

35 2781 132 2826 dam,
159 2795 266 2832 quam
281 2784 505 2832 praecedenti
523 2798 618 2824 anno
629 2787 729 2836 fieri
745 2792 781 2824 et

21 2833 220 2885 fabricari
223 2839 413 2887 jusserat,
434 2837 636 2877 Bononiam
656 2841 758 2878 venit
768 2856 785 2884 ,-

28 2887 263 2939 pharumque
269 2890 320 2927 ibi
327 2891 376 2928 ad
389 2891 645 2942 navigantium
656 2907 786 2932 cursus

34 2941 254 2992 dirigendos
291 2944 500 2994 antiquitas
545 2946 785 2984 constitutam

33 2998 286 3046 restauravit,
322 3003 358 3036 et
394 2997 433 3036 in
465 3000 548 3049 ejus
577 3000 785 3039 summitate

865 1927 1157 1965 Occidentalem
1202 1927 1432 1964 Batavorum
1477 1925 1613 1962 insulae

865 1990 1008 2032 partem
1029 1982 1262 2019 obtinebant.

917 2033 933 2055 ⁵
952 2034 1214 2085 Imperatoriis
1233 2032 1435 2071 nominibus
1448 2031 1612 2069 auctior:

863 2087 1007 2138 Septies
1030 2089 1256 2139 Imperator,
1282 2083 1414 2126 ἑπἾοίκις
1443 2084 1612 2137 mirangul-

861 2157 939 2194 τως,
984 2143 1199 2193 appellatus
1232 2148 1299 2184 est,
1341 2147 1432 2176 teste
1468 2139 1606 2182 Dione,

862 2208 948 2233 Lxx.
982 2209 1019 2246 p.
1050 2194 1142 2239 657.
1200 2195 1323 2232 Immo
1348 2194 1467 2242 juxta
1493 2193 1611 2230 Joan-

860 2262 946 2286 nem
988 2250 1287 2293 Antiochenum,
1341 2248 1381 2284 in
1422 2247 1620 2297 Excerpt.·

862 2304 1099 2341 Constantini
1120 2303 1438 2352 porphyrogenet.
1455 2314 1493 2351 p.
1515 2304 1605 2339 805.

859 2359 1057 2408 Γεςμαιηκὶς
1098 2358 1159 2395 καὶ
1201 2353 1405 2408 ΒςιτἾαιικὸς
1441 2353 1608 2396 brunon.

861 2410 1105 2449 Germanicus
1130 2417 1175 2453 ,et
1202 2408 1446 2446 Britannicus
1476 2420 1610 2460 cogno-

858 2464 1020 2502 minatus
1065 2470 1134 2502 est.
1203 2463 1336 2512 Hujus,
1377 2461 1609 2499 adulationis

858 2518 1010 2555 nullum
1025 2519 1063 2555 in
1078 2517 1242 2555 numm'is
1259 2523 1367 2554 extat
1383 2527 1608 2553 monumen-

860 2579 955 2608 tum.
1022 2572 1095 2610 Sed
1141 2570 1237 2608 ΐσηὲ
1282 2570 1436 2620 periere.
1501 2569 1606 2607 Odio

860 2625 1047 2676 Principis
1083 2625 1268 2676 plurimos
1303 2631 1388 2675 post
1415 2622 1608 2661 Britanni-

857 2691 946 2717 cam
967 2681 1124 2717 Claudii
1144 2678 1345 2717 victoriam
1372 2677 1486 2715 fuisse
1515 2677 1607 2714 abo-

857 2732 943 2770 litos
976 2733 1078 2770 recte
1105 2735 1279 2771 observat
1311 2731 1373 2769 Cl.
1405 2730 1606 2769 Reimarus

857 2787 895 2824 iu
927 2787 1025 2824 notis
1052 2787 1101 2824 ad
1135 2787 1312 2832 Dionem,
1342 2796 1433 2822 mx.
1452 2797 1490 2834 p.
1511 2780 1604 2826 657.

864 2853 937 2878 Lx.
959 2854 996 2891 p.
1018 2838 1110 2885 679.
1291 2856 1293 2858 -

913 2890 930 2910 ⁶
968 2893 1258 2939 Procerissimus
1292 2891 1456 2941 quisque.
1516 2888 1615 2946 Haec

860 2954 896 2984 et
914 2960 990 2997 seq.
1013 2948 1171 2993 Sueton.
1192 2946 1232 2984 in
1250 2945 1359 2991 Caio,
1390 2953 1532 2982 xm'n.

1730 286 1762 329 ᾖ.
