1768 3236
122 183 162 227 J.
176 186 301 225 C..40.

510 182 657 221 LIBRI
686 182 892 240 OCTAVI
922 182 1243 221 ANNALIUM.
1575 183 1654 227 327

106 288 400 347 deturbabat,
433 297 479 335 et
515 285 565 334 in
599 285 759 349 templi
796 285 868 333 sui
901 284 1180 334 famulitium
1214 288 1406 334 vocabat
1425 303 1440 334 2
1460 290 1473 309 ¹
1508 287 1653 336 modo

105 367 350 415 truncabat
363 363 532 429 capite,
554 374 606 411 ut
627 379 765 411 suum
786 363 1057 426 imponeret.
1106 361 1446 411 Laudatissimis
1469 364 1656 429 quibus-

104 459 201 508 que
222 441 516 507 potissimfim
535 440 758 499 infensus,
791 457 1113 488 marmoreum·
1130 441 1427 505 Cupidinem,
1450 442 1653 491 Praxite-

106 520 175 569 lis.
197 526 354 584 opus,
386 518 597 583 Thespiis
647 517 829 566 sustulit
847 535 860 565 ε
878 520 895 540 ²
940 518 1093 582 ipsum
1142 520 1305 567 Jovem
1357 518 1650 584 Olympium,

105 596 283 647 Phidiae
297 599 310 624 ³
339 608 384 644 et
406 596 513 644 artis
534 596 827 655 miraculum,
850 607 1083 660 rapturus,
1105 596 1190 644 nisi
1212 595 1465 644 Memmius
1490 597 1650 662 Regu-

105 675 218 735 lus,⁴
260 685 475 739 portento
515 674 697 722 dolove.
719 673 921 732 territus,
971 673 1270 722 abstinuisset.
1339 674 1443 721 Nec
1477 673 1649 721 mirum

101 763 231 801 muta
272 752 516 800 simulacra
552 752 610 800 ab
649 768 705 799 eo
741 751 911 814 sperni,
946 750 1026 815 qui
1068 761 1305 798 tonantem
1348 753 1510 800 Jovem
1525 753 1540 779 ⁵
1586 753 1644 799 ad

105 846 312 897 pugnam
332 841 534 889 vocaret,
568 841 614 878 et
635 828 818 879 vincere
840 840 1154 894 praesumeret.

170 991 271 1035 56
286 987 428 1034 HAEc
445 986 563 1034 inter
583 1001 762 1035 vesanae
798 985 962 1034 mentis
1002 984 1175 1044 deliria,
1211 986 1414 1033 Romam
1452 986 1646 1033 advene-

54 1085 63 1099 1
103 1075 207 1113 rant
250 1065 278 1114 J
280 1065 522 1113 udaeorum
568 1063 995 1112 Alexandrinorum
1042 1062 1195 1128 legati,
1197 1058 1214 1084 ⁶
1268 1062 1387 1111 duce
1433 1061 1646 1121 Philone,

105 1140 260 1193 diserti
280 1141 426 1208 magis
456 1159 600 1207 quam
622 1142 830 1190 subacti
817 1141 987 1208 mgenii
1008 1140 1210 1192 homine.

1282 1141 1647 1204 Querebantur,⁷

161 1341 175 1360 ¹
209 1343 248 1382 V
244 1345 387 1382 ocabat
417 1344 523 1383 Suet.
543 1345 618 1384 loc.
635 1347 701 1384 cit.
731 1346 837 1384 Dato
908 1346 961 1382 τον
989 1347 1149 1395 Μέμμιον
1178 1339 1235 1381 διαὶ
1266 1359 1392 1386 ταντα,
1422 1344 1484 1381 καὶ
1507 1342 1644 1393 σημείων

106 1398 268 1449 negotio,
295 1405 340 1436 ut
357 1398 556 1437 simulacra
578 1400 764 1438 numinum
782 1413 841 1438 re-

107 1451 247 1502 ligione
265 1458 302 1490 et
319 1458 403 1490 arte
416 1454 616 1503 proeclara‚
643 1455 743 1491 inter
761 1467 840 1505 quoe

107 1505 269 1556 Olympii
280 1506 312 1545 J
310 1519 390 1545 ovis
400 1513 693 1566 apportarentur
702 1508 720 1545 ὲ
732 1507 841 1546 Groe-

104 1558 177 1606 eid,
204 1560 334 1610 quibus
360 1561 483 1611 capite
511 1562 631 1599 demto
645 1575 749 1600 suum
774 1563 839 1600 im-

133 1619 275 1652 oneret.

102 1626 132 1666 p
159 1664 178 1682 ²
207 1666 377 1719 Thespiis
407 1652 574 1707 sustulit.
629 1669 836 1707 Pausanias

105 1733 170 1759 xx.
210 1721 369 1760 Boeotic.
387 1726 454 1765 27.
474 1723 586 1760 docet
606 1722 835 1773 Cupidinem

103 1774 217 1813 illum
235 1774 260 1813 ὲ
278 1776 375 1814 Caio
393 1777 507 1814 fuisse
523 1776 695 1826 Thespiis
712 1778 838 1815 subla·

105 1836 203 1876 tum,
229 1828 255 1866 ὲ
281 1830 448 1868 Claudio
479 1830 684 1877 redditum,
711 1831 736 1868 ὲ
762 1832 839 1869 Ne-

104 1895 196 1920 rone
227 1884 365 1921 iterum
395 1884 557 1922 Romam
590 1892 838 1934 reportatum,

106 1937 175 1974 ubi
208 1937 295 1988 igne
335 1945 557 1976 consumtus
597 1944 664 1976 est.
721 1938 837 1977 Illum

104 1998 290 2029 memorat
317 1992 479 2038 Plinius,
509 2004 668 2029 xxxw.
689 1995 725 2030 5.
742 2005 780 2030 n.
800 1997 837 2031 5.

102 2045 284 2096 Ejusdem
315 2045 518 2084 Praxitelis
546 2052 602 2084 est
629 2051 667 2083 et
698 2046 840 2097 Cupido

103 2099 270 2148 objectus
297 2100 322 2137 ὰ
342 2097 520 2138 Cicerone
542 2100 667 2146 Verri,
695 2100 781 2138 Cic.
798 2102 839 2138 in

104 2153 276 2197 Verrem,
306 2165 366 2191 1v.
393 2158 431 2192 2.
459 2154 524 2191 ille
544 2158 705 2206 propter
734 2167 836 2204 quem

105 2206 275 2258 Thespiae
303 2207 531 2254 visebantur,
558 2207 706 2246 nuncin
726 2208 839 2246 Octa-

102 2260 174 2299 vioe
187 2260 324 2299 scholis
336 2262 494 2312 positas.

154 2311 172 2334 ³
217 2313 375 2354 Phidiae.

103 2365 208 2406 Ante
242 2381 363 2407 omnes
398 2369 554 2407 Phidias
584 2370 836 2416 Atheniensis,

102 2421 202 2460 Jove
219 2421 398 2473 Olympioe
409 2423 540 2474 facto,
567 2435 611 2461 ex
628 2425 734 2461 ebore
759 2419 838 2474 qai-

102 2475 184 2514 dem
201 2481 241 2513 et
256 2489 364 2514 auro.
403 2477 476 2514 Dei
496 2478 659 2515 sedentis
675 2478 834 2528 effigiem

101 2535 142 2567 et
158 2538 382 2567 ornamenta
408 2530 490 2568 fuse
519 2531 719 2582 descripsit
736 2530 837 2568 Pau-

102 2583 240 2630 sanias,
267 2595 309 2620 ν.
328 2583 451 2622 Eliac.
468 2585 585 2636 prior.
604 2596 654 2622 11.

116 2662 119 2664 -
155 2635 176 2658 ⁴
192 2636 285 2675 Nisi
302 2638 500 2676 Memmius
519 2638 702 2689 Regulus.
727 2638 838 2676 Teste

103 2690 430 2743 Josepho,Antiq.
449 2692 542 2731 Jud.
563 2698 659 2729 x1x.
683 2698 716 2730 l.
738 2705 778 2728 n.
801 2698 836 2730 1.

83 2743 85 2745 ’
104 2745 322 2783 Architecti
334 2747 522 2783 Memmio
535 2746 682 2796 Regulo
694 2747 837 2793 dixere,

104 2797 311 2837 infractum
338 2799 383 2836 iri
410 2799 674 2845 simulacrum,
701 2800 731 2837 si
750 2800 837 2838 loco

104 2862 332 2890 moveretur.
387 2853 510 2891 Addit
546 2855 596 2891 ab
629 2853 713 2891 aliis
758 2853 835 2890 dici

106 2905 337 2943 Memmium
362 2907 646 2945 incredibilibus
672 2908 838 2945 miracu-

105 2958 153 2996 lis
187 2959 408 2999 deterritum
441 2961 564 2999 fuisse·
622 2957 765 3006 Λέγεται
803 2956 836 2998 δὲ

556 3150 582 3179 ,

439 2316 540 2353 Plin.
586 2328 747 2354 xxxw.
797 2306 843 2354 8.

906 1396 1058 1448 μίιζθῗθῖ
1075 1412 1295 1447 Ὺίγὶἳημξῗθϊ,
1314 1413 1334 1440 ἣ
1352 1413 1393 1438 ως
1407 1394 1448 1435 ἀ)
1466 1413 1542 1434 ‘3²1’ae
1560 1413 1643 1434 5'50'·

905 1454 952 1490 πὶ
963 1453 1153 1499 ἦγιῗσθκι,
1139 1467 1219 1504 υπεζ
1220 1448 1394 1488 Canto-92⁴
1403 1466 1458 1491 την
1467 1450 1643 1503 εἰκάζω-ιν.

963 1505 977 1527 ⁵
1019 1507 1223 1544 Tonantem
1258 1505 1403 1543 Jovem.
1460 1506 1642 1542 Pluribus

910 1561 1054 1598 Seneca
1079 1561 1126 1598 de
1159 1559 1234 1606 Ira,
1263 1571 1294 1596 1.
1331 1556 1390 1595 16.
1426 1556 1488 1595 02·
1503 1557 1642 1602 C'aesar,

908 1615 1031 1653 iratus
1048 1615 1135 1653 coelo
1154 1613 1251 1664 quod
1265 1613 1495 1662 obstreperet
1508 1618 1643 1662 panto-

907 1668 1038 1714 mimis,
1071 1681 1160 1719 quos
1192 1667 1410 1706 imitabatur
1439 1666 1643 1703 studiosias

908 1723 1016 1772 quam
1044 1722 1248 1771 spectabat,
1278 1719 1444 1770 quodque
1467 1732 1642 1757 comessa-

908 1776 962 1814 tio
975 1789 1043 1814 sua
1049 1774 1276 1827 fulminibus
1293 1778 1516 1818 terreretur,
1530 1786 1642 1823 pror·

902 1843 965 1868 sus
980 1829 1114 1880 partlm
1133 1828 1260 1874 certis,
1287 1828 1337 1865 ad
1349 1840 1515 1879 pugnam
1534 1839 1641 1865 voca-

906 1883 962 1922 vit
981 1883 1126 1928 Jovem,
1144 1888 1181 1920 et
1200 1882 1342 1932 quidem
1361 1881 1439 1918 sine
1457 1880 1646 1927 missione,

908 1937 1150 1975 Homericum
1184 1935 1289 1974 illum
1318 1935 1524 1973 exclamans
1560 1947 1641 1972 ver-

903 2005 996 2038 Sum,
1023 1989 1043 2035 ἦ
1060 1987 1099 2039 μ’
1113 1988 1231 2042 ιἰηίειῤ,
1259 2006 1280 2033 n
1298 1986 1362 2035 ἔγό
1381 2002 1428 2024 0¹6·
1486 1987 1641 2032 Quanta

905 2045 1087 2083 dementia
1107 2044 1216 2096 fait.
1208 2046 1227 2072 9
1263 2042 1430 2094 putavit,
1468 2047 1536 2079 aut
1569 2041 1641 2079 sibi

903 2099 1029 2137 noceri
1044 2112 1089 2136 ne
1106 2098 1129 2135 ἆ
1147 2097 1244 2136 Jove
1258 2097 1401 2147 quidem
1425 2107 1545 2145 fosse,
1574 2100 1641 2133 aut

902 2166 940 2190 se
968 2165 1098 2191 nocere
1123 2151 1237 2189 etiam
1253 2150 1346 2189 ,Iovi
1371 2162 1491 2199 posse.
1547 2149 1640 2186 Non

901 2211 993 2257 puto
1020 2206 1157 2257 param
1183 2203 1354 2242 momenti
1366 2203 1467 2254 hanc
1482 2204 1562 2253 ejus
1579 2215 1642 2240 vo·

907 2273 981 2297 cem
1015 2260 1066 2297 ad
1093 2258 1322 2297 incitandum
1358 2258 1641 2307 conjuratorum

907 2314 1047 2356 animos
1090 2312 1287 2351 addidisse.
1348 2311 1500 2348 Ultimae
1545 2310 1639 2348 enim

901 2367 1096 2418 patientia:
1112 2366 1230 2404 visum
1249 2371 1306 2403 est
1324 2378 1404 2402 eum
1418 2365 1547 2415 ferre,
1576 2363 1640 2415 qui

906 2421 1037 2460 Jovem
1057 2419 1278 2471 nonserret.
1331 2419 1392 2462 De
1408 2419 1640 2467 conjuratio-

907 2488 953 2512 ne
989 2475 1160 2512 dicemus
1187 2473 1286 2510 infra
1303 2485 1390 2523 cap.
1411 2483 1566 2511 vaut.
1600 2480 1638 2509 et

905 2542 982 2579 seq.

959 2579 977 2600 ⁶
995 2581 1028 2620 J
1027 2583 1212 2620 udaeorum
1230 2580 1569 2619 Alexandrinorum
1585 2577 1637 2614 le·

901 2636 1148 2688 gati.11anc
1165 2635 1187 2674 J
1194 2636 1389 2672 udaeorum
1412 2634 1654 2691 legationerrr·

880 2691 992 2729 tuse
1021 2690 1219 2739 desclipsit
1246 2689 1384 2726 Philo
1375 2702 1413 2725 m
1430 2689 1543 2733 libro,
1572 2685 1637 2724 cui

906 2744 1064 2782 titulum
1083 2743 1187 2789 fecit,
1201 2743 1248 2779 de
1263 2743 1467 2793 legatione
1484 2734 1532 2778 ad
1548 2739 1637 2779 Cai-

907 2810 986 2842 um,
1014 2810 1053 2848 p.
1073 2801 1155 2842 992
1176 2803 1214 2834 et
1231 2809 1310 2846 seq.

960 2848 977 2871 ⁷
1009 2851 1282 2895 Querebantur.
1339 2849 1400 2886 De
1427 2848 1484 2885 his
1505 2859 1638 2898 quere·

905 2906 950 2944 lis
980 2906 1063 2942 vide
1095 2904 1307 2950 Philonem,
1336 2903 1465 2952 Legat.
1483 2903 1530 2940 ad
1550 2901 1653 2951 Cei-3„

905 2973 986 3005 um,
1012 2971 1051 3009 p.
1077 2963 1177 2998 1008
1197 2965 1234 2996 et
1251 2971 1328 3007 seq.
1609 2958 1613 2960 “
