<?xml version="1.0" encoding="UTF-8"?>
<!DOCTYPE html PUBLIC "-//W3C//DTD XHTML 1.0 Transitional//EN"
    "http://www.w3.org/TR/xhtml1/DTD/xhtml1-transitional.dtd">
<html xmlns="http://www.w3.org/1999/xhtml" xml:lang="en" lang="en">
 <head>
  <title>
</title>
<meta http-equiv="Content-Type" content="text/html;charset=utf-8" />
  <meta name='ocr-system' content='tesseract 3.04.00' />
  <meta name='ocr-capabilities' content='ocr_page ocr_carea ocr_par ocr_line ocrx_word'/>
</head>
<body>
  <div class='ocr_page' id='page_1' title='image "./operarecognovite04taciuoft/operarecognovite04taciuoft_0037.png"; bbox 0 0 1800 3236; ppageno 0'>
   <div class='ocr_carea' id='block_1_1' title="bbox 676 208 1606 254">
    <p class='ocr_par' dir='ltr' id='par_1_1' title="bbox 676 208 1606 254">
     <span class='ocr_line' id='line_1_1' title="bbox 676 208 1606 254; baseline 0.006 -8"><span class='ocrx_word' id='word_1_1' title='bbox 676 208 997 247; x_wconf 82' lang='lat' dir='ltr'><strong>GERMANIA.</strong></span> <span class='ocrx_word' id='word_1_2' title='bbox 1555 211 1606 254; x_wconf 79' lang='grc'><strong>27</strong></span> 
     </span>
    </p>
   </div>
   <div class='ocr_carea' id='block_1_2' title="bbox 5 299 1660 769">
    <p class='ocr_par' dir='ltr' id='par_1_2' title="bbox 5 299 1660 769">
     <span class='ocr_line' id='line_1_2' title="bbox 58 299 1611 376; baseline -0.005 -6"><span class='ocrx_word' id='word_1_3' title='bbox 58 316 317 370; x_wconf 57' lang='grc' dir='ltr'><strong>ἶεὼεεοιιᾱίἔ</strong></span> <span class='ocrx_word' id='word_1_4' title='bbox 385 314 478 364; x_wconf 88' lang='lat' dir='ltr'><strong>Sed</strong></span> <span class='ocrx_word' id='word_1_5' title='bbox 513 323 559 361; x_wconf 92' lang='lat' dir='ltr'><strong>et</strong></span> <span class='ocrx_word' id='word_1_6' title='bbox 591 311 839 362; x_wconf 87' lang='lat' dir='ltr'><strong>levioribus</strong></span> <span class='ocrx_word' id='word_1_7' title='bbox 874 299 1104 373; x_wconf 42' lang='lat' dir='ltr'><strong>delictis}</strong></span> <span class='ocrx_word' id='word_1_8' title='bbox 1122 326 1213 375; x_wconf 90' lang='lat' dir='ltr'><strong>pro</strong></span> <span class='ocrx_word' id='word_1_9' title='bbox 1243 311 1405 370; x_wconf 87' lang='lat' dir='ltr'><strong>modo,</strong></span> <span class='ocrx_word' id='word_1_10' title='bbox 1436 328 1578 376; x_wconf 86' lang='lat' dir='ltr'><strong>poena</strong></span> <span class='ocrx_word' id='word_1_11' title='bbox 1591 329 1611 362; x_wconf 69' lang='grc' dir='ltr'>ε</span> 
     </span>
     <span class='ocr_line' id='line_1_3' title="bbox 63 379 1630 462; baseline -0.006 -18"><span class='ocrx_word' id='word_1_12' title='bbox 63 411 295 462; x_wconf 91' lang='lat' dir='ltr'><strong>equorum</strong></span> <span class='ocrx_word' id='word_1_13' title='bbox 329 407 646 457; x_wconf 86' lang='lat' dir='ltr'><strong>pecorumque</strong></span> <span class='ocrx_word' id='word_1_14' title='bbox 678 405 878 438; x_wconf 86' lang='lat' dir='ltr'><strong>numero</strong></span> <span class='ocrx_word' id='word_1_15' title='bbox 894 392 907 418; x_wconf 83' lang='lat'><em>³</em></span> <span class='ocrx_word' id='word_1_16' title='bbox 944 379 1142 438; x_wconf 84' lang='lat' dir='ltr'><strong>convicti</strong></span> <span class='ocrx_word' id='word_1_17' title='bbox 1180 384 1466 438; x_wconf 88' lang='lat' dir='ltr'><strong>multantur:</strong></span> <span class='ocrx_word' id='word_1_18' title='bbox 1501 407 1630 455; x_wconf 53' lang='lat' dir='ltr'><strong>pars.</strong></span> 
     </span>
     <span class='ocr_line' id='line_1_4' title="bbox 65 465 1609 536; baseline -0.003 -14"><span class='ocrx_word' id='word_1_19' title='bbox 65 474 227 522; x_wconf 87' lang='lat' dir='ltr'><strong>multae</strong></span> <span class='ocrx_word' id='word_1_20' title='bbox 240 475 260 501; x_wconf 79' lang='lat'><strong>⁴</strong></span> <span class='ocrx_word' id='word_1_21' title='bbox 302 470 420 536; x_wconf 89' lang='lat' dir='ltr'><strong>regi,</strong></span> <span class='ocrx_word' id='word_1_22' title='bbox 463 469 537 518; x_wconf 89' lang='lat' dir='ltr'><strong>vel</strong></span> <span class='ocrx_word' id='word_1_23' title='bbox 582 468 766 527; x_wconf 89' lang='lat' dir='ltr'><strong>civitati,</strong></span> <span class='ocrx_word' id='word_1_24' title='bbox 811 484 916 532; x_wconf 89' lang='lat' dir='ltr'><strong>pars</strong></span> <span class='ocrx_word' id='word_1_25' title='bbox 960 467 1046 531; x_wconf 89' lang='lat' dir='ltr'><strong>ipsi</strong></span> <span class='ocrx_word' id='word_1_26' title='bbox 1091 465 1172 531; x_wconf 90' lang='lat' dir='ltr'><strong>qui</strong></span> <span class='ocrx_word' id='word_1_27' title='bbox 1214 465 1489 526; x_wconf 83' lang='lat' dir='ltr'><strong>vindicatur,</strong></span> <span class='ocrx_word' id='word_1_28' title='bbox 1533 468 1609 517; x_wconf 85' lang='lat' dir='ltr'><strong>vel</strong></span> 
     </span>
     <span class='ocr_line' id='line_1_5' title="bbox 5 542 1660 615; baseline -0.001 -20"><span class='ocrx_word' id='word_1_29' title='bbox 5 583 10 595; x_wconf 86' lang='grc'>,</span> <span class='ocrx_word' id='word_1_30' title='bbox 65 547 335 615; x_wconf 77' lang='lat' dir='ltr'><strong>propinquis</strong></span> <span class='ocrx_word' id='word_1_31' title='bbox 356 549 454 613; x_wconf 86' lang='lat' dir='ltr'><strong>ejus</strong></span> <span class='ocrx_word' id='word_1_32' title='bbox 476 546 743 613; x_wconf 88' lang='lat' dir='ltr'><strong>exsolvitur.</strong></span> <span class='ocrx_word' id='word_1_33' title='bbox 812 545 1064 610; x_wconf 89' lang='lat' dir='ltr'><strong>Eliguntur</strong></span> <span class='ocrx_word' id='word_1_34' title='bbox 1083 543 1134 591; x_wconf 88' lang='lat' dir='ltr'><strong>in</strong></span> <span class='ocrx_word' id='word_1_35' title='bbox 1154 542 1316 592; x_wconf 87' lang='lat' dir='ltr'><strong>iisdem</strong></span> <span class='ocrx_word' id='word_1_36' title='bbox 1339 544 1541 593; x_wconf 90' lang='lat' dir='ltr'><strong>conciliis</strong></span> <span class='ocrx_word' id='word_1_37' title='bbox 1562 557 1612 594; x_wconf 88' lang='lat' dir='ltr'><strong>et</strong></span> <span class='ocrx_word' id='word_1_38' title='bbox 1654 590 1660 597; x_wconf 17' lang='grc' dir='ltr'>χ</span> 
     </span>
     <span class='ocr_line' id='line_1_6' title="bbox 46 621 1609 692; baseline -0.004 -16"><span class='ocrx_word' id='word_1_39' title='bbox 46 626 330 692; x_wconf 70' lang='lat' dir='ltr'><strong>’principes,⁵</strong></span> <span class='ocrx_word' id='word_1_40' title='bbox 359 624 439 689; x_wconf 90' lang='lat' dir='ltr'><strong>qui</strong></span> <span class='ocrx_word' id='word_1_41' title='bbox 467 625 573 689; x_wconf 90' lang='lat' dir='ltr'><strong>jura</strong></span> <span class='ocrx_word' id='word_1_42' title='bbox 604 639 688 687; x_wconf 90' lang='lat' dir='ltr'><strong>per</strong></span> <span class='ocrx_word' id='word_1_43' title='bbox 721 639 864 687; x_wconf 85' lang='lat' dir='ltr'>pagos</span> <span class='ocrx_word' id='word_1_44' title='bbox 885 622 1103 686; x_wconf 90' lang='lat' dir='ltr'><strong>vicosque</strong></span> <span class='ocrx_word' id='word_1_45' title='bbox 1124 621 1342 669; x_wconf 89' lang='lat' dir='ltr'><strong>reddunt.</strong></span> <span class='ocrx_word' id='word_1_46' title='bbox 1411 622 1609 670; x_wconf 79' lang='lat' dir='ltr'><strong>Centeni</strong></span> 
     </span>
     <span class='ocr_line' id='line_1_7' title="bbox 67 698 1607 769; baseline -0.002 -18"><span class='ocrx_word' id='word_1_47' title='bbox 67 704 259 769; x_wconf 87' lang='lat' dir='ltr'><strong>singulis</strong></span> <span class='ocrx_word' id='word_1_48' title='bbox 297 721 358 750; x_wconf 90' lang='lat' dir='ltr'><strong>ex</strong></span> <span class='ocrx_word' id='word_1_49' title='bbox 392 702 528 766; x_wconf 89' lang='lat' dir='ltr'><strong>plebe</strong></span> <span class='ocrx_word' id='word_1_50' title='bbox 571 700 778 760; x_wconf 76' lang='lat' dir='ltr'><strong>comites,</strong></span> <span class='ocrx_word' id='word_1_51' title='bbox 815 699 1058 749; x_wconf 86' lang='lat' dir='ltr'><strong>consilium</strong></span> <span class='ocrx_word' id='word_1_52' title='bbox 1090 698 1227 748; x_wconf 90' lang='lat' dir='ltr'><strong>simul</strong></span> <span class='ocrx_word' id='word_1_53' title='bbox 1261 710 1308 747; x_wconf 92' lang='lat' dir='ltr'><strong>et</strong></span> <span class='ocrx_word' id='word_1_54' title='bbox 1345 699 1607 759; x_wconf 86' lang='lat' dir='ltr'><strong>auctoritas,</strong></span> 
     </span>
    </p>
   </div>
   <div class='ocr_carea' id='block_1_3' title="bbox 42 781 248 855">
    <p class='ocr_par' dir='ltr' id='par_1_3' title="bbox 42 781 248 855">
     <span class='ocr_line' id='line_1_8' title="bbox 42 781 248 855; baseline -0.005 -26"><span class='ocrx_word' id='word_1_55' title='bbox 42 847 49 855; x_wconf 27' lang='grc' dir='ltr'>ἱ</span> <span class='ocrx_word' id='word_1_56' title='bbox 69 781 248 829; x_wconf 83' lang='lat' dir='ltr'><strong>adsunt.</strong></span> 
     </span>
    </p>
   </div>
   <div class='ocr_carea' id='block_1_4' title="bbox 26 951 806 1799">
    <p class='ocr_par' dir='ltr' id='par_1_4' title="bbox 26 951 806 1692">
     <span class='ocr_line' id='line_1_9' title="bbox 67 951 802 1006; baseline 0 -13"><span class='ocrx_word' id='word_1_57' title='bbox 67 980 71 984; x_wconf 83' lang='lat'><strong>.</strong></span> <span class='ocrx_word' id='word_1_58' title='bbox 125 951 140 971; x_wconf 82' lang='lat'>¹</span> <span class='ocrx_word' id='word_1_59' title='bbox 197 953 367 1006; x_wconf 79' lang='lat' dir='ltr'><strong>Flagitia</strong></span> <span class='ocrx_word' id='word_1_60' title='bbox 402 954 588 993; x_wconf 82' lang='lat' dir='ltr'><strong>abscondi.</strong></span> <span class='ocrx_word' id='word_1_61' title='bbox 643 954 802 1006; x_wconf 68' lang='lat' dir='ltr'><strong>Egregie</strong></span> 
     </span>
     <span class='ocr_line' id='line_1_10' title="bbox 73 1007 802 1059; baseline 0 -13"><span class='ocrx_word' id='word_1_62' title='bbox 73 1007 236 1046; x_wconf 81' lang='lat' dir='ltr'><strong>dictum.</strong></span> <span class='ocrx_word' id='word_1_63' title='bbox 294 1008 455 1059; x_wconf 74' lang='lat' dir='ltr'><strong>flagitia</strong></span> <span class='ocrx_word' id='word_1_64' title='bbox 475 1008 574 1045; x_wconf 82' lang='lat' dir='ltr'><strong>enim</strong></span> <span class='ocrx_word' id='word_1_65' title='bbox 602 1008 661 1045; x_wconf 89' lang='lat' dir='ltr'><strong>vel</strong></span> <span class='ocrx_word' id='word_1_66' title='bbox 690 1008 802 1059; x_wconf 67' lang='lat' dir='ltr'><strong>poena</strong></span> 
     </span>
     <span class='ocr_line' id='line_1_11' title="bbox 26 1062 803 1101; baseline 0.004 -4"><span class='ocrx_word' id='word_1_67' title='bbox 26 1092 30 1095; x_wconf 88' lang='lat'><strong>.</strong></span> <span class='ocrx_word' id='word_1_68' title='bbox 72 1062 287 1100; x_wconf 87' lang='lat' dir='ltr'><strong>discuntur.</strong></span> <span class='ocrx_word' id='word_1_69' title='bbox 343 1062 509 1100; x_wconf 74' lang='lat' dir='ltr'><strong>Publica</strong></span> <span class='ocrx_word' id='word_1_70' title='bbox 545 1070 673 1100; x_wconf 85' lang='lat' dir='ltr'><strong>autem</strong></span> <span class='ocrx_word' id='word_1_71' title='bbox 701 1063 803 1101; x_wconf 69' lang='lat' dir='ltr'><strong>fama</strong></span> 
     </span>
     <span class='ocr_line' id='line_1_12' title="bbox 53 1114 802 1167; baseline 0.001 -14"><span class='ocrx_word' id='word_1_72' title='bbox 53 1114 211 1154; x_wconf 42' lang='lat' dir='ltr'><strong>‘crescit</strong></span> <span class='ocrx_word' id='word_1_73' title='bbox 245 1116 376 1153; x_wconf 88' lang='lat' dir='ltr'><strong>horror</strong></span> <span class='ocrx_word' id='word_1_74' title='bbox 399 1115 598 1153; x_wconf 86' lang='lat' dir='ltr'><strong>scelerum.</strong></span> <span class='ocrx_word' id='word_1_75' title='bbox 656 1117 802 1167; x_wconf 86' lang='lat' dir='ltr'><strong>Turpia</strong></span> 
     </span>
     <span class='ocr_line' id='line_1_13' title="bbox 71 1170 803 1222; baseline 0.001 -15"><span class='ocrx_word' id='word_1_76' title='bbox 71 1178 164 1207; x_wconf 82' lang='lat' dir='ltr'><strong>sunt</strong></span> <span class='ocrx_word' id='word_1_77' title='bbox 181 1170 335 1220; x_wconf 85' lang='lat' dir='ltr'><strong>flagitia,</strong></span> <span class='ocrx_word' id='word_1_78' title='bbox 355 1170 489 1220; x_wconf 88' lang='lat' dir='ltr'><strong>iniqua</strong></span> <span class='ocrx_word' id='word_1_79' title='bbox 512 1170 682 1222; x_wconf 27' lang='lat' dir='ltr'><strong>scelera..</strong></span> <span class='ocrx_word' id='word_1_80' title='bbox 711 1172 803 1208; x_wconf 86' lang='lat' dir='ltr'><strong>lnde</strong></span> 
     </span>
     <span class='ocr_line' id='line_1_14' title="bbox 75 1221 802 1269; baseline 0.001 -8"><span class='ocrx_word' id='word_1_81' title='bbox 75 1223 218 1269; x_wconf 87' lang='lat' dir='ltr'><strong>Livius,</strong></span> <span class='ocrx_word' id='word_1_82' title='bbox 240 1236 397 1262; x_wconf 68' lang='lat' dir='ltr'><strong>xxxm.</strong></span> <span class='ocrx_word' id='word_1_83' title='bbox 419 1221 481 1261; x_wconf 85' lang='lat'><strong>16.</strong></span> <span class='ocrx_word' id='word_1_84' title='bbox 519 1223 653 1261; x_wconf 58' lang='lat' dir='ltr'><strong>Minas</strong></span> <span class='ocrx_word' id='word_1_85' title='bbox 682 1230 802 1262; x_wconf 84' lang='lat' dir='ltr'><strong>tamen</strong></span> 
     </span>
     <span class='ocr_line' id='line_1_15' title="bbox 70 1277 806 1329; baseline 0.003 -15"><span class='ocrx_word' id='word_1_86' title='bbox 70 1283 180 1323; x_wconf 76' lang='lat' dir='ltr'><strong>esset,</strong></span> <span class='ocrx_word' id='word_1_87' title='bbox 197 1277 232 1315; x_wconf 88' lang='lat' dir='ltr'><strong>si</strong></span> <span class='ocrx_word' id='word_1_88' title='bbox 234 1278 407 1329; x_wconf 83' lang='lat' dir='ltr'><strong>flagitiis</strong></span> <span class='ocrx_word' id='word_1_89' title='bbox 427 1277 573 1316; x_wconf 60' lang='lat' dir='ltr'><strong>tantam</strong></span> <span class='ocrx_word' id='word_1_90' title='bbox 594 1278 806 1327; x_wconf 66' lang='lat' dir='ltr'><strong>effoeminnti</strong></span> 
     </span>
     <span class='ocr_line' id='line_1_16' title="bbox 59 1330 804 1383; baseline 0.001 -15"><span class='ocrx_word' id='word_1_91' title='bbox 59 1330 201 1383; x_wconf 79' lang='lat' dir='ltr'><strong>forent</strong></span> <span class='ocrx_word' id='word_1_92' title='bbox 224 1332 428 1383; x_wconf 66' lang='lat' dir='ltr'><strong>sipsorvm</strong></span> <span class='ocrx_word' id='word_1_93' title='bbox 454 1331 591 1382; x_wconf 70' lang='lat' dir='ltr'><strong>magud</strong></span> <span class='ocrx_word' id='word_1_94' title='bbox 619 1345 663 1369; x_wconf 69' lang='grc' dir='ltr'><strong>ει·</strong></span> <span class='ocrx_word' id='word_1_95' title='bbox 691 1338 804 1382; x_wconf 86' lang='lat' dir='ltr'><strong>parte</strong></span> 
     </span>
     <span class='ocr_line' id='line_1_17' title="bbox 73 1385 805 1436; baseline 0 -13"><span class='ocrx_word' id='word_1_96' title='bbox 73 1385 229 1424; x_wconf 78' lang='lat' dir='ltr'><strong>dedecus</strong></span> <span class='ocrx_word' id='word_1_97' title='bbox 244 1388 354 1431; x_wconf 84' lang='lat' dir='ltr'><strong>erat)</strong></span> <span class='ocrx_word' id='word_1_98' title='bbox 377 1385 647 1436; x_wconf 59' lang='lat' dir='ltr'><strong>&amp;facinoribus</strong></span> <span class='ocrx_word' id='word_1_99' title='bbox 663 1399 805 1432; x_wconf 80' lang='lat' dir='ltr'><strong>manus,</strong></span> 
     </span>
     <span class='ocr_line' id='line_1_18' title="bbox 72 1439 803 1490; baseline 0 -13"><span class='ocrx_word' id='word_1_100' title='bbox 72 1445 227 1477; x_wconf 82' lang='lat' dir='ltr'><strong>mentem</strong></span> <span class='ocrx_word' id='word_1_101' title='bbox 267 1439 475 1490; x_wconf 80' lang='lat' dir='ltr'><strong>fraudibus</strong></span> <span class='ocrx_word' id='word_1_102' title='bbox 527 1439 803 1477; x_wconf 76' lang='lat' dir='ltr'><strong>abstinuissent.</strong></span> 
     </span>
     <span class='ocr_line' id='line_1_19' title="bbox 75 1491 802 1543; baseline 0.004 -14"><span class='ocrx_word' id='word_1_103' title='bbox 75 1491 120 1530; x_wconf 84' lang='lat' dir='ltr'><strong>Iu</strong></span> <span class='ocrx_word' id='word_1_104' title='bbox 132 1491 212 1543; x_wconf 82' lang='lat' dir='ltr'><strong>lege</strong></span> <span class='ocrx_word' id='word_1_105' title='bbox 221 1493 550 1543; x_wconf 81' lang='lat' dir='ltr'><strong>Burgundionum,</strong></span> <span class='ocrx_word' id='word_1_106' title='bbox 559 1493 638 1530; x_wconf 86' lang='lat' dir='ltr'><strong>Tit.</strong></span> <span class='ocrx_word' id='word_1_107' title='bbox 647 1505 802 1532; x_wconf 82' lang='lat' dir='ltr'><strong>xxx1v.</strong></span> 
     </span>
     <span class='ocr_line' id='line_1_20' title="bbox 71 1545 803 1597; baseline 0.001 -13"><span class='ocrx_word' id='word_1_108' title='bbox 71 1545 144 1596; x_wconf 71' lang='lat' dir='ltr'><strong>leg.</strong></span> <span class='ocrx_word' id='word_1_109' title='bbox 163 1552 196 1584; x_wconf 94' lang='lat' dir='ltr'><strong>l.</strong></span> <span class='ocrx_word' id='word_1_110' title='bbox 214 1546 259 1584; x_wconf 83' lang='lat' dir='ltr'><strong>Si</strong></span> <span class='ocrx_word' id='word_1_111' title='bbox 270 1560 342 1597; x_wconf 73' lang='lat' dir='ltr'><strong>qua</strong></span> <span class='ocrx_word' id='word_1_112' title='bbox 355 1547 487 1584; x_wconf 82' lang='lat' dir='ltr'><strong>mulier</strong></span> <span class='ocrx_word' id='word_1_113' title='bbox 497 1547 670 1585; x_wconf 82' lang='lat' dir='ltr'><strong>maritum</strong></span> <span class='ocrx_word' id='word_1_114' title='bbox 685 1561 803 1594; x_wconf 76' lang='lat' dir='ltr'><strong>snum,</strong></span> 
     </span>
     <span class='ocr_line' id='line_1_21' title="bbox 73 1600 802 1651; baseline 0.001 -14"><span class='ocrx_word' id='word_1_115' title='bbox 73 1600 134 1638; x_wconf 84' lang='lat' dir='ltr'><strong>cni</strong></span> <span class='ocrx_word' id='word_1_116' title='bbox 160 1600 323 1651; x_wconf 62' lang='lat' dir='ltr'><strong>legitime</strong></span> <span class='ocrx_word' id='word_1_117' title='bbox 338 1602 481 1650; x_wconf 78' lang='lat' dir='ltr'><strong>juncta</strong></span> <span class='ocrx_word' id='word_1_118' title='bbox 510 1605 576 1646; x_wconf 76' lang='lat' dir='ltr'><strong>est,</strong></span> <span class='ocrx_word' id='word_1_119' title='bbox 606 1601 802 1649; x_wconf 77' lang='lat' dir='ltr'><strong>dimiserit,</strong></span> 
     </span>
     <span class='ocr_line' id='line_1_22' title="bbox 75 1655 394 1692; baseline -0.003 0"><span class='ocrx_word' id='word_1_120' title='bbox 75 1661 227 1692; x_wconf 78' lang='lat' dir='ltr'><strong>necetur</strong></span> <span class='ocrx_word' id='word_1_121' title='bbox 244 1655 280 1691; x_wconf 87' lang='lat' dir='ltr'><strong>in</strong></span> <span class='ocrx_word' id='word_1_122' title='bbox 301 1655 394 1692; x_wconf 80' lang='lat' dir='ltr'><strong>luto.</strong></span> 
     </span>
    </p>

    <p class='ocr_par' dir='ltr' id='par_1_5' title="bbox 75 1704 804 1799">
     <span class='ocr_line' id='line_1_23' title="bbox 127 1704 803 1746; baseline -0.001 0"><span class='ocrx_word' id='word_1_123' title='bbox 127 1704 147 1723; x_wconf 79' lang='lat'>²</span> <span class='ocrx_word' id='word_1_124' title='bbox 173 1708 394 1746; x_wconf 78' lang='lat' dir='ltr'><strong>Lecioribus</strong></span> <span class='ocrx_word' id='word_1_125' title='bbox 412 1707 573 1746; x_wconf 81' lang='lat' dir='ltr'><strong>delictis.</strong></span> <span class='ocrx_word' id='word_1_126' title='bbox 605 1708 666 1745; x_wconf 82' lang='lat' dir='ltr'><strong>Ne</strong></span> <span class='ocrx_word' id='word_1_127' title='bbox 679 1707 735 1745; x_wconf 86' lang='lat' dir='ltr'><strong>ita</strong></span> <span class='ocrx_word' id='word_1_128' title='bbox 751 1708 803 1745; x_wconf 79' lang='lat' dir='ltr'><strong>lc-</strong></span> 
     </span>
     <span class='ocr_line' id='line_1_24' title="bbox 75 1761 804 1799; baseline 0 0"><span class='ocrx_word' id='word_1_129' title='bbox 75 1761 143 1799; x_wconf 82' lang='lat' dir='ltr'><strong>via</strong></span> <span class='ocrx_word' id='word_1_130' title='bbox 169 1771 294 1799; x_wconf 80' lang='lat' dir='ltr'><strong>tamen</strong></span> <span class='ocrx_word' id='word_1_131' title='bbox 314 1762 455 1799; x_wconf 66' lang='lat' dir='ltr'><strong>delicta</strong></span> <span class='ocrx_word' id='word_1_132' title='bbox 482 1762 698 1799; x_wconf 84' lang='lat' dir='ltr'><strong>credideris.</strong></span> <span class='ocrx_word' id='word_1_133' title='bbox 754 1763 804 1799; x_wconf 88' lang='lat' dir='ltr'><strong>lis</strong></span> 
     </span>
    </p>
   </div>
   <div class='ocr_carea' id='block_1_5' title="bbox 3 1815 805 1863">
    <p class='ocr_par' dir='ltr' id='par_1_6' title="bbox 3 1815 805 1863">
     <span class='ocr_line' id='line_1_25' title="bbox 3 1815 805 1863; baseline 0 -11"><span class='ocrx_word' id='word_1_134' title='bbox 3 1859 7 1862; x_wconf 22' lang='lat'><strong>⁴</strong></span> <span class='ocrx_word' id='word_1_135' title='bbox 72 1816 174 1852; x_wconf 83' lang='lat' dir='ltr'><strong>enim</strong></span> <span class='ocrx_word' id='word_1_136' title='bbox 226 1822 525 1853; x_wconf 84' lang='lat' dir='ltr'><strong>annumerantur</strong></span> <span class='ocrx_word' id='word_1_137' title='bbox 584 1815 805 1863; x_wconf 84' lang='lat' dir='ltr'><strong>homicidia,</strong></span> 
     </span>
    </p>
   </div>
   <div class='ocr_carea' id='block_1_6' title="bbox 22 1869 810 3048">
    <p class='ocr_par' dir='ltr' id='par_1_7' title="bbox 22 1869 808 2294">
     <span class='ocr_line' id='line_1_26' title="bbox 75 1869 806 1920; baseline 0.001 -14"><span class='ocrx_word' id='word_1_138' title='bbox 75 1869 279 1917; x_wconf 82' lang='lat' dir='ltr'><strong>adulteria,</strong></span> <span class='ocrx_word' id='word_1_139' title='bbox 298 1870 415 1914; x_wconf 88' lang='lat' dir='ltr'><strong>furta,</strong></span> <span class='ocrx_word' id='word_1_140' title='bbox 440 1869 595 1919; x_wconf 81' lang='lat' dir='ltr'><strong>aliaque</strong></span> <span class='ocrx_word' id='word_1_141' title='bbox 621 1870 660 1907; x_wconf 92' lang='lat' dir='ltr'><strong>id</strong></span> <span class='ocrx_word' id='word_1_142' title='bbox 689 1883 806 1920; x_wconf 82' lang='lat' dir='ltr'><strong>genus</strong></span> 
     </span>
     <span class='ocr_line' id='line_1_27' title="bbox 74 1923 808 1973; baseline 0 -13"><span class='ocrx_word' id='word_1_143' title='bbox 74 1923 254 1973; x_wconf 78' lang='lat' dir='ltr'><strong>plurima,</strong></span> <span class='ocrx_word' id='word_1_144' title='bbox 283 1930 327 1960; x_wconf 93' lang='lat' dir='ltr'><strong>ut</strong></span> <span class='ocrx_word' id='word_1_145' title='bbox 356 1930 505 1961; x_wconf 82' lang='lat' dir='ltr'><strong>constat</strong></span> <span class='ocrx_word' id='word_1_146' title='bbox 525 1936 573 1960; x_wconf 83' lang='lat' dir='ltr'><strong>ex</strong></span> <span class='ocrx_word' id='word_1_147' title='bbox 598 1924 808 1961; x_wconf 90' lang='lat' dir='ltr'><strong>Germano-</strong></span> 
     </span>
     <span class='ocr_line' id='line_1_28' title="bbox 74 1977 807 2028; baseline 0.001 -14"><span class='ocrx_word' id='word_1_148' title='bbox 74 1989 161 2014; x_wconf 89' lang='lat' dir='ltr'><strong>rum</strong></span> <span class='ocrx_word' id='word_1_149' title='bbox 190 1977 336 2028; x_wconf 84' lang='lat' dir='ltr'><strong>legibus</strong></span> <span class='ocrx_word' id='word_1_150' title='bbox 364 1977 523 2027; x_wconf 79' lang='lat' dir='ltr'><strong>ipsoque</strong></span> <span class='ocrx_word' id='word_1_151' title='bbox 547 1977 684 2014; x_wconf 87' lang='lat' dir='ltr'><strong>Tacito</strong></span> <span class='ocrx_word' id='word_1_152' title='bbox 709 1977 807 2015; x_wconf 86' lang='lat' dir='ltr'><strong>infra</strong></span> 
     </span>
     <span class='ocr_line' id='line_1_29' title="bbox 76 2030 807 2081; baseline 0.001 -13"><span class='ocrx_word' id='word_1_153' title='bbox 76 2043 162 2081; x_wconf 82' lang='lat' dir='ltr'><strong>cap.</strong></span> <span class='ocrx_word' id='word_1_154' title='bbox 181 2034 246 2069; x_wconf 78' lang='lat'><strong>21.</strong></span> <span class='ocrx_word' id='word_1_155' title='bbox 300 2030 447 2068; x_wconf 69' lang='lat' dir='ltr'><strong>Verum</strong></span> <span class='ocrx_word' id='word_1_156' title='bbox 467 2038 510 2068; x_wconf 90' lang='lat' dir='ltr'><strong>nt</strong></span> <span class='ocrx_word' id='word_1_157' title='bbox 528 2039 807 2081; x_wconf 82' lang='lat' dir='ltr'><strong>cognoscantur</strong></span> 
     </span>
     <span class='ocr_line' id='line_1_30' title="bbox 76 2084 804 2134; baseline 0.003 -13"><span class='ocrx_word' id='word_1_158' title='bbox 76 2097 251 2134; x_wconf 82' lang='lat' dir='ltr'><strong>quaenam</strong></span> <span class='ocrx_word' id='word_1_159' title='bbox 294 2092 414 2122; x_wconf 83' lang='lat' dir='ltr'><strong>essent</strong></span> <span class='ocrx_word' id='word_1_160' title='bbox 458 2084 534 2122; x_wconf 86' lang='lat' dir='ltr'><strong>illae</strong></span> <span class='ocrx_word' id='word_1_161' title='bbox 576 2085 804 2123; x_wconf 86' lang='lat' dir='ltr'><strong>delictorum</strong></span> 
     </span>
     <span class='ocr_line' id='line_1_31' title="bbox 63 2138 805 2190; baseline 0.001 -15"><span class='ocrx_word' id='word_1_162' title='bbox 63 2150 208 2189; x_wconf 84' lang='lat' dir='ltr'><strong>-poenae‚</strong></span> <span class='ocrx_word' id='word_1_163' title='bbox 228 2138 474 2189; x_wconf 81' lang='lat' dir='ltr'><strong>proponenda</strong></span> <span class='ocrx_word' id='word_1_164' title='bbox 499 2146 587 2176; x_wconf 88' lang='lat' dir='ltr'><strong>sunt</strong></span> <span class='ocrx_word' id='word_1_165' title='bbox 614 2139 805 2190; x_wconf 83' lang='lat' dir='ltr'><strong>exempla,</strong></span> 
     </span>
     <span class='ocr_line' id='line_1_32' title="bbox 78 2193 804 2242; baseline 0.003 -13"><span class='ocrx_word' id='word_1_166' title='bbox 78 2204 166 2242; x_wconf 82' lang='lat' dir='ltr'><strong>quae</strong></span> <span class='ocrx_word' id='word_1_167' title='bbox 198 2193 294 2233; x_wconf 90' lang='lat' dir='ltr'><strong>vide.</strong></span> <span class='ocrx_word' id='word_1_168' title='bbox 314 2193 352 2230; x_wconf 88' lang='lat' dir='ltr'><strong>in</strong></span> <span class='ocrx_word' id='word_1_169' title='bbox 385 2200 476 2230; x_wconf 87' lang='lat' dir='ltr'><strong>not.</strong></span> <span class='ocrx_word' id='word_1_170' title='bbox 501 2200 538 2229; x_wconf 86' lang='lat' dir='ltr'><strong>et</strong></span> <span class='ocrx_word' id='word_1_171' title='bbox 572 2193 719 2231; x_wconf 81' lang='lat' dir='ltr'><strong>emend.</strong></span> <span class='ocrx_word' id='word_1_172' title='bbox 755 2194 804 2231; x_wconf 87' lang='lat' dir='ltr'><strong>ad</strong></span> 
     </span>
     <span class='ocr_line' id='line_1_33' title="bbox 22 2251 247 2294; baseline 0 -10"><span class='ocrx_word' id='word_1_173' title='bbox 22 2277 30 2294; x_wconf 47' lang='lat' dir='ltr'><em>l</em></span> <span class='ocrx_word' id='word_1_174' title='bbox 77 2258 165 2294; x_wconf 84' lang='lat' dir='ltr'><strong>cap.</strong></span> <span class='ocrx_word' id='word_1_175' title='bbox 187 2251 247 2284; x_wconf 79' lang='lat'><strong>12.</strong></span> 
     </span>
    </p>

    <p class='ocr_par' dir='ltr' id='par_1_8' title="bbox 67 2295 810 3048">
     <span class='ocr_line' id='line_1_34' title="bbox 131 2295 806 2350; baseline 0.001 -13"><span class='ocrx_word' id='word_1_176' title='bbox 131 2295 147 2318; x_wconf 84' lang='lat'>³</span> <span class='ocrx_word' id='word_1_177' title='bbox 177 2297 426 2350; x_wconf 80' lang='lat' dir='ltr'><strong>Pecorwnqu‘e</strong></span> <span class='ocrx_word' id='word_1_178' title='bbox 443 2313 604 2338; x_wconf 80' lang='lat' dir='ltr'><strong>numero.</strong></span> <span class='ocrx_word' id='word_1_179' title='bbox 634 2301 699 2338; x_wconf 84' lang='lat' dir='ltr'><strong>Eae</strong></span> <span class='ocrx_word' id='word_1_180' title='bbox 712 2307 806 2339; x_wconf 89' lang='lat' dir='ltr'><strong>tunc</strong></span> 
     </span>
     <span class='ocr_line' id='line_1_35' title="bbox 77 2353 806 2404; baseline 0.005 -15"><span class='ocrx_word' id='word_1_181' title='bbox 77 2353 167 2390; x_wconf 63' lang='lat' dir='ltr'><strong>⁵01ae</strong></span> <span class='ocrx_word' id='word_1_182' title='bbox 185 2366 287 2404; x_wconf 91' lang='lat' dir='ltr'><strong>opes,</strong></span> <span class='ocrx_word' id='word_1_183' title='bbox 308 2361 351 2390; x_wconf 90' lang='lat' dir='ltr'><strong>ut</strong></span> <span class='ocrx_word' id='word_1_184' title='bbox 369 2354 517 2392; x_wconf 88' lang='lat' dir='ltr'><strong>dictum</strong></span> <span class='ocrx_word' id='word_1_185' title='bbox 536 2367 653 2404; x_wconf 89' lang='lat' dir='ltr'><strong>supra</strong></span> <span class='ocrx_word' id='word_1_186' title='bbox 668 2367 754 2404; x_wconf 89' lang='lat' dir='ltr'><strong>cap.</strong></span> <span class='ocrx_word' id='word_1_187' title='bbox 769 2358 806 2393; x_wconf 85' lang='lat'><strong>5.</strong></span> 
     </span>
     <span class='ocr_line' id='line_1_36' title="bbox 80 2406 805 2458; baseline 0.004 -15"><span class='ocrx_word' id='word_1_188' title='bbox 80 2406 214 2444; x_wconf 73' lang='lat' dir='ltr'><strong>Postea</strong></span> <span class='ocrx_word' id='word_1_189' title='bbox 261 2407 422 2445; x_wconf 75' lang='lat' dir='ltr'><strong>accessit</strong></span> <span class='ocrx_word' id='word_1_190' title='bbox 465 2409 606 2458; x_wconf 79' lang='lat' dir='ltr'><strong>argenti</strong></span> <span class='ocrx_word' id='word_1_191' title='bbox 643 2409 805 2458; x_wconf 83' lang='lat' dir='ltr'><strong>aurique</strong></span> 
     </span>
     <span class='ocr_line' id='line_1_37' title="bbox 78 2460 805 2512; baseline 0.004 -16"><span class='ocrx_word' id='word_1_192' title='bbox 78 2460 204 2510; x_wconf 86' lang='lat' dir='ltr'><strong>copia.</strong></span> <span class='ocrx_word' id='word_1_193' title='bbox 258 2461 352 2497; x_wconf 83' lang='lat' dir='ltr'><strong>Inde</strong></span> <span class='ocrx_word' id='word_1_194' title='bbox 373 2461 411 2498; x_wconf 89' lang='lat' dir='ltr'><strong>in</strong></span> <span class='ocrx_word' id='word_1_195' title='bbox 432 2461 512 2512; x_wconf 83' lang='lat' dir='ltr'><strong>loge</strong></span> <span class='ocrx_word' id='word_1_196' title='bbox 540 2462 668 2500; x_wconf 71' lang='lat' dir='ltr'><strong>Salica</strong></span> <span class='ocrx_word' id='word_1_197' title='bbox 686 2475 805 2512; x_wconf 71' lang='lat' dir='ltr'><strong>poenae</strong></span> 
     </span>
     <span class='ocr_line' id='line_1_38' title="bbox 79 2515 807 2564; baseline 0.004 -14"><span class='ocrx_word' id='word_1_198' title='bbox 79 2525 209 2551; x_wconf 74' lang='lat' dir='ltr'><strong>omnes</strong></span> <span class='ocrx_word' id='word_1_199' title='bbox 244 2515 476 2564; x_wconf 73' lang='lat' dir='ltr'><strong>pecuniariae</strong></span> <span class='ocrx_word' id='word_1_200' title='bbox 503 2524 604 2553; x_wconf 89' lang='lat' dir='ltr'><strong>sunt.</strong></span> <span class='ocrx_word' id='word_1_201' title='bbox 662 2516 807 2553; x_wconf 85' lang='lat' dir='ltr'><strong>Mansit</strong></span> 
     </span>
     <span class='ocr_line' id='line_1_39' title="bbox 77 2575 804 2620; baseline 0.003 -16"><span class='ocrx_word' id='word_1_202' title='bbox 77 2575 205 2605; x_wconf 86' lang='lat' dir='ltr'><strong>tamen</strong></span> <span class='ocrx_word' id='word_1_203' title='bbox 224 2580 407 2618; x_wconf 79' lang='lat' dir='ltr'><strong>pecorum</strong></span> <span class='ocrx_word' id='word_1_204' title='bbox 438 2582 541 2613; x_wconf 87' lang='lat' dir='ltr'><strong>usus,</strong></span> <span class='ocrx_word' id='word_1_205' title='bbox 564 2578 607 2607; x_wconf 91' lang='lat' dir='ltr'><strong>ut</strong></span> <span class='ocrx_word' id='word_1_206' title='bbox 635 2578 740 2620; x_wconf 64' lang='lat' dir='ltr'><strong>patet</strong></span> <span class='ocrx_word' id='word_1_207' title='bbox 757 2583 804 2606; x_wconf 80' lang='lat' dir='ltr'><strong>ex</strong></span> 
     </span>
     <span class='ocr_line' id='line_1_40' title="bbox 78 2620 806 2671; baseline 0.004 -13"><span class='ocrx_word' id='word_1_208' title='bbox 78 2620 159 2671; x_wconf 80' lang='lat' dir='ltr'><strong>lege</strong></span> <span class='ocrx_word' id='word_1_209' title='bbox 175 2622 387 2666; x_wconf 81' lang='lat' dir='ltr'><strong>Saxonum,</strong></span> <span class='ocrx_word' id='word_1_210' title='bbox 404 2622 482 2659; x_wconf 85' lang='lat' dir='ltr'><strong>Tit.</strong></span> <span class='ocrx_word' id='word_1_211' title='bbox 501 2635 628 2660; x_wconf 79' lang='lat' dir='ltr'><strong>xvni.</strong></span> <span class='ocrx_word' id='word_1_212' title='bbox 655 2623 806 2661; x_wconf 74' lang='lat' dir='ltr'><strong>solidus</strong></span> 
     </span>
     <span class='ocr_line' id='line_1_41' title="bbox 81 2676 809 2726; baseline 0.003 -14"><span class='ocrx_word' id='word_1_213' title='bbox 81 2680 138 2712; x_wconf 87' lang='lat' dir='ltr'><strong>est</strong></span> <span class='ocrx_word' id='word_1_214' title='bbox 164 2676 324 2726; x_wconf 70' lang='lat' dir='ltr'><strong>duplex:</strong></span> <span class='ocrx_word' id='word_1_215' title='bbox 354 2689 449 2713; x_wconf 78' lang='lat' dir='ltr'><strong>unus</strong></span> <span class='ocrx_word' id='word_1_216' title='bbox 478 2677 585 2713; x_wconf 78' lang='lat' dir='ltr'><strong>habet</strong></span> <span class='ocrx_word' id='word_1_217' title='bbox 615 2677 706 2714; x_wconf 76' lang='lat' dir='ltr'><strong>(letos</strong></span> <span class='ocrx_word' id='word_1_218' title='bbox 731 2682 809 2714; x_wconf 82' lang='lat' dir='ltr'><strong>tre-</strong></span> 
     </span>
     <span class='ocr_line' id='line_1_42' title="bbox 78 2728 810 2773; baseline 0.004 -8"><span class='ocrx_word' id='word_1_219' title='bbox 78 2728 216 2773; x_wconf 81' lang='lat' dir='ltr'><strong>misses,</strong></span> <span class='ocrx_word' id='word_1_220' title='bbox 234 2729 275 2766; x_wconf 71' lang='lat' dir='ltr'><strong>id</strong></span> <span class='ocrx_word' id='word_1_221' title='bbox 290 2735 359 2773; x_wconf 81' lang='lat' dir='ltr'><strong>est,</strong></span> <span class='ocrx_word' id='word_1_222' title='bbox 387 2730 449 2767; x_wconf 86' lang='lat' dir='ltr'><strong>bos</strong></span> <span class='ocrx_word' id='word_1_223' title='bbox 470 2734 519 2767; x_wconf 57' lang='lat' dir='ltr'><strong>KQ</strong></span> <span class='ocrx_word' id='word_1_224' title='bbox 538 2730 724 2772; x_wconf 74' lang='lat' dir='ltr'><strong>mensium,</strong></span> <span class='ocrx_word' id='word_1_225' title='bbox 750 2732 810 2768; x_wconf 75' lang='lat' dir='ltr'><strong>vel</strong></span> 
     </span>
     <span class='ocr_line' id='line_1_43' title="bbox 78 2782 807 2843; baseline 0.003 -24"><span class='ocrx_word' id='word_1_226' title='bbox 78 2782 159 2819; x_wconf 84' lang='lat' dir='ltr'><strong>ovis</strong></span> <span class='ocrx_word' id='word_1_227' title='bbox 182 2794 261 2819; x_wconf 79' lang='lat' dir='ltr'><strong>cum</strong></span> <span class='ocrx_word' id='word_1_228' title='bbox 285 2795 408 2843; x_wconf 64' lang='lat' dir='ltr'><strong>agno„-</strong></span> <span class='ocrx_word' id='word_1_229' title='bbox 439 2784 538 2821; x_wconf 77' lang='lat' dir='ltr'><strong>alter</strong></span> <span class='ocrx_word' id='word_1_230' title='bbox 561 2784 701 2820; x_wconf 76' lang='lat' dir='ltr'><strong>solidus</strong></span> <span class='ocrx_word' id='word_1_231' title='bbox 730 2790 807 2821; x_wconf 83' lang='lat' dir='ltr'><strong>tres</strong></span> 
     </span>
     <span class='ocr_line' id='line_1_44' title="bbox 67 2835 807 2880; baseline 0.005 -9"><span class='ocrx_word' id='word_1_232' title='bbox 67 2835 278 2880; x_wconf 56' lang='lat' dir='ltr'><strong>tremisses,</strong></span> <span class='ocrx_word' id='word_1_233' title='bbox 306 2836 345 2873; x_wconf 77' lang='lat' dir='ltr'><strong>id</strong></span> <span class='ocrx_word' id='word_1_234' title='bbox 364 2841 431 2880; x_wconf 81' lang='lat' dir='ltr'><strong>cst,</strong></span> <span class='ocrx_word' id='word_1_235' title='bbox 459 2837 523 2873; x_wconf 85' lang='lat' dir='ltr'><strong>bos</strong></span> <span class='ocrx_word' id='word_1_236' title='bbox 544 2836 601 2873; x_wconf 51' lang='lat'><strong>¹16</strong></span> <span class='ocrx_word' id='word_1_237' title='bbox 621 2837 807 2875; x_wconf 76' lang='lat' dir='ltr'><strong>mensium.</strong></span> 
     </span>
     <span class='ocr_line' id='line_1_45' title="bbox 80 2887 809 2940; baseline 0.005 -16"><span class='ocrx_word' id='word_1_238' title='bbox 80 2887 230 2938; x_wconf 64' lang='lat' dir='ltr'><strong>,Mcqjori</strong></span> <span class='ocrx_word' id='word_1_239' title='bbox 254 2889 372 2926; x_wconf 82' lang='lat' dir='ltr'><strong>solido</strong></span> <span class='ocrx_word' id='word_1_240' title='bbox 401 2890 484 2927; x_wconf 71' lang='lat' dir='ltr'><strong>alite</strong></span> <span class='ocrx_word' id='word_1_241' title='bbox 519 2890 809 2940; x_wconf 74' lang='lat' dir='ltr'><strong>compositiones,</strong></span> 
     </span>
     <span class='ocr_line' id='line_1_46' title="bbox 77 2941 809 2993; baseline 0.005 -16"><span class='ocrx_word' id='word_1_242' title='bbox 77 2941 214 2978; x_wconf 61' lang='lat' dir='ltr'><strong>minori</strong></span> <span class='ocrx_word' id='word_1_243' title='bbox 231 2942 425 2980; x_wconf 76' lang='lat' dir='ltr'><strong>homicidia</strong></span> <span class='ocrx_word' id='word_1_244' title='bbox 444 2950 726 2993; x_wconf 77' lang='lat' dir='ltr'><strong>componuntur.</strong></span> <span class='ocrx_word' id='word_1_245' title='bbox 746 2944 809 2981; x_wconf 92' lang='lat' dir='ltr'><strong>lb-</strong></span> 
     </span>
     <span class='ocr_line' id='line_1_47' title="bbox 77 2994 808 3048; baseline 0.005 -17"><span class='ocrx_word' id='word_1_246' title='bbox 77 2994 192 3043; x_wconf 81' lang='lat' dir='ltr'><strong>idem,</strong></span> <span class='ocrx_word' id='word_1_247' title='bbox 215 2996 319 3045; x_wconf 84' lang='lat' dir='ltr'><strong>apud</strong></span> <span class='ocrx_word' id='word_1_248' title='bbox 339 2997 576 3034; x_wconf 78' lang='lat' dir='ltr'><strong>Westfalaios</strong></span> <span class='ocrx_word' id='word_1_249' title='bbox 595 3007 633 3035; x_wconf 83' lang='lat' dir='ltr'><strong>et</strong></span> <span class='ocrx_word' id='word_1_250' title='bbox 659 2999 808 3048; x_wconf 85' lang='lat' dir='ltr'><strong>Angra-</strong></span> 
     </span>
    </p>
   </div>
   <div class='ocr_carea' id='block_1_7' title="bbox 874 952 1609 3052">
    <p class='ocr_par' dir='ltr' id='par_1_9' title="bbox 874 952 1609 1762">
     <span class='ocr_line' id='line_1_48' title="bbox 875 952 1605 999; baseline -0.004 -7"><span class='ocrx_word' id='word_1_251' title='bbox 875 954 948 992; x_wconf 89' lang='lat' dir='ltr'><strong>rios</strong></span> <span class='ocrx_word' id='word_1_252' title='bbox 963 961 1000 992; x_wconf 90' lang='lat' dir='ltr'><strong>et</strong></span> <span class='ocrx_word' id='word_1_253' title='bbox 1015 952 1222 992; x_wconf 83' lang='lat' dir='ltr'><strong>Ostfalaios</strong></span> <span class='ocrx_word' id='word_1_254' title='bbox 1234 953 1376 991; x_wconf 83' lang='lat' dir='ltr'><strong>solidus</strong></span> <span class='ocrx_word' id='word_1_255' title='bbox 1390 958 1459 999; x_wconf 84' lang='lat' dir='ltr'><strong>est,</strong></span> <span class='ocrx_word' id='word_1_256' title='bbox 1473 952 1605 990; x_wconf 81' lang='lat' dir='ltr'><strong>seculis</strong></span> 
     </span>
     <span class='ocr_line' id='line_1_49' title="bbox 874 1003 1606 1058; baseline -0.003 -12"><span class='ocrx_word' id='word_1_257' title='bbox 874 1008 1011 1058; x_wconf 73' lang='lat' dir='ltr'><strong>scffla</strong></span> <span class='ocrx_word' id='word_1_258' title='bbox 1045 1013 1110 1046; x_wconf 85' lang='lat'><strong>30.</strong></span> <span class='ocrx_word' id='word_1_259' title='bbox 1147 1008 1252 1045; x_wconf 87' lang='lat' dir='ltr'><strong>ordei</strong></span> <span class='ocrx_word' id='word_1_260' title='bbox 1282 1011 1348 1044; x_wconf 77' lang='lat'><strong>40.</strong></span> <span class='ocrx_word' id='word_1_261' title='bbox 1385 1019 1511 1044; x_wconf 77' lang='lat' dir='ltr'><strong>avenoe</strong></span> <span class='ocrx_word' id='word_1_262' title='bbox 1540 1003 1606 1044; x_wconf 88' lang='lat'><strong>60.</strong></span> 
     </span>
     <span class='ocr_line' id='line_1_50' title="bbox 875 1060 1602 1113; baseline -0.003 -13"><span class='ocrx_word' id='word_1_263' title='bbox 875 1063 1139 1113; x_wconf 81' lang='lat' dir='ltr'><strong>-—quadrimis</strong></span> <span class='ocrx_word' id='word_1_264' title='bbox 1170 1061 1323 1110; x_wconf 70' lang='lat' dir='ltr'><strong>(melius</strong></span> <span class='ocrx_word' id='word_1_265' title='bbox 1360 1060 1602 1112; x_wconf 78' lang='lat' dir='ltr'><strong>quadrimus)</strong></span> 
     </span>
     <span class='ocr_line' id='line_1_51' title="bbox 876 1114 1606 1165; baseline -0.003 -12"><span class='ocrx_word' id='word_1_266' title='bbox 876 1116 951 1161; x_wconf 84' lang='lat' dir='ltr'><strong>bos,</strong></span> <span class='ocrx_word' id='word_1_267' title='bbox 980 1117 1052 1154; x_wconf 84' lang='lat' dir='ltr'><strong>duo</strong></span> <span class='ocrx_word' id='word_1_268' title='bbox 1067 1116 1199 1154; x_wconf 83' lang='lat' dir='ltr'><strong>solidi.-</strong></span> <span class='ocrx_word' id='word_1_269' title='bbox 1230 1116 1302 1153; x_wconf 82' lang='lat' dir='ltr'><strong>duo</strong></span> <span class='ocrx_word' id='word_1_270' title='bbox 1330 1115 1448 1160; x_wconf 71' lang='lat' dir='ltr'><strong>hoves,</strong></span> <span class='ocrx_word' id='word_1_271' title='bbox 1476 1114 1606 1165; x_wconf 82' lang='lat' dir='ltr'><strong>quibus</strong></span> 
     </span>
     <span class='ocr_line' id='line_1_52' title="bbox 875 1167 1607 1221; baseline -0.001 -15"><span class='ocrx_word' id='word_1_272' title='bbox 875 1170 981 1207; x_wconf 79' lang='lat' dir='ltr'><strong>arari</strong></span> <span class='ocrx_word' id='word_1_273' title='bbox 1013 1175 1152 1221; x_wconf 79' lang='lat' dir='ltr'><strong>potest,</strong></span> <span class='ocrx_word' id='word_1_274' title='bbox 1189 1169 1348 1220; x_wconf 79' lang='lat' dir='ltr'><strong>quinque</strong></span> <span class='ocrx_word' id='word_1_275' title='bbox 1378 1167 1512 1206; x_wconf 85' lang='lat' dir='ltr'><strong>solidi:</strong></span> <span class='ocrx_word' id='word_1_276' title='bbox 1543 1168 1607 1206; x_wconf 84' lang='lat' dir='ltr'><strong>bos</strong></span> 
     </span>
     <span class='ocr_line' id='line_1_53' title="bbox 875 1221 1605 1268; baseline -0.003 -8"><span class='ocrx_word' id='word_1_277' title='bbox 875 1224 988 1261; x_wconf 81' lang='lat' dir='ltr'><strong>bonus</strong></span> <span class='ocrx_word' id='word_1_278' title='bbox 1004 1230 1082 1262; x_wconf 82' lang='lat' dir='ltr'><strong>tres</strong></span> <span class='ocrx_word' id='word_1_279' title='bbox 1098 1224 1231 1262; x_wconf 86' lang='lat' dir='ltr'><strong>solidi:</strong></span> <span class='ocrx_word' id='word_1_280' title='bbox 1251 1235 1365 1260; x_wconf 85' lang='lat' dir='ltr'><strong>vacca</strong></span> <span class='ocrx_word' id='word_1_281' title='bbox 1381 1235 1461 1260; x_wconf 82' lang='lat' dir='ltr'><strong>cum</strong></span> <span class='ocrx_word' id='word_1_282' title='bbox 1472 1221 1605 1268; x_wconf 82' lang='lat' dir='ltr'><strong>vitulo,</strong></span> 
     </span>
     <span class='ocr_line' id='line_1_54' title="bbox 874 1275 1606 1323; baseline 0 -9"><span class='ocrx_word' id='word_1_283' title='bbox 874 1277 985 1315; x_wconf 74' lang='lat' dir='ltr'><strong>solidi</strong></span> <span class='ocrx_word' id='word_1_284' title='bbox 1003 1279 1073 1315; x_wconf 83' lang='lat' dir='ltr'><strong>duo</strong></span> <span class='ocrx_word' id='word_1_285' title='bbox 1093 1284 1130 1316; x_wconf 82' lang='lat' dir='ltr'><strong>et</strong></span> <span class='ocrx_word' id='word_1_286' title='bbox 1145 1277 1266 1315; x_wconf 84' lang='lat' dir='ltr'><strong>semis.</strong></span> <span class='ocrx_word' id='word_1_287' title='bbox 1322 1276 1441 1314; x_wconf 86' lang='lat' dir='ltr'><strong>Plura</strong></span> <span class='ocrx_word' id='word_1_288' title='bbox 1462 1275 1606 1323; x_wconf 85' lang='lat' dir='ltr'><strong>adhuc,</strong></span> 
     </span>
     <span class='ocr_line' id='line_1_55' title="bbox 875 1329 1609 1382; baseline -0.001 -15"><span class='ocrx_word' id='word_1_289' title='bbox 875 1338 912 1368; x_wconf 91' lang='lat' dir='ltr'><strong>et</strong></span> <span class='ocrx_word' id='word_1_290' title='bbox 928 1332 1033 1382; x_wconf 89' lang='lat' dir='ltr'><strong>apud</strong></span> <span class='ocrx_word' id='word_1_291' title='bbox 1054 1332 1336 1370; x_wconf 87' lang='lat' dir='ltr'><strong>Germanorum</strong></span> <span class='ocrx_word' id='word_1_292' title='bbox 1356 1343 1478 1368; x_wconf 78' lang='lat' dir='ltr'><strong>mores</strong></span> <span class='ocrx_word' id='word_1_293' title='bbox 1496 1329 1609 1367; x_wconf 86' lang='lat' dir='ltr'><strong>intel-</strong></span> 
     </span>
     <span class='ocr_line' id='line_1_56' title="bbox 876 1383 1606 1437; baseline 0.003 -17"><span class='ocrx_word' id='word_1_294' title='bbox 876 1384 1045 1435; x_wconf 83' lang='lat' dir='ltr'><strong>ligendos</strong></span> <span class='ocrx_word' id='word_1_295' title='bbox 1072 1383 1381 1437; x_wconf 82' lang='lat' dir='ltr'><strong>praestantisSima</strong></span> <span class='ocrx_word' id='word_1_296' title='bbox 1410 1385 1606 1422; x_wconf 85' lang='lat' dir='ltr'><strong>docebunt</strong></span> 
     </span>
     <span class='ocr_line' id='line_1_57' title="bbox 876 1437 1605 1491; baseline -0.001 -16"><span class='ocrx_word' id='word_1_297' title='bbox 876 1438 973 1489; x_wconf 83' lang='lat' dir='ltr'><strong>leges</strong></span> <span class='ocrx_word' id='word_1_298' title='bbox 1005 1440 1294 1491; x_wconf 70' lang='lat' dir='ltr'><strong>Ripuarimum,</strong></span> <span class='ocrx_word' id='word_1_299' title='bbox 1324 1452 1419 1489; x_wconf 84' lang='lat' dir='ltr'><strong>quas</strong></span> <span class='ocrx_word' id='word_1_300' title='bbox 1453 1437 1539 1475; x_wconf 82' lang='lat' dir='ltr'><strong>vide</strong></span> <span class='ocrx_word' id='word_1_301' title='bbox 1566 1438 1605 1475; x_wconf 91' lang='lat' dir='ltr'><strong>in</strong></span> 
     </span>
     <span class='ocr_line' id='line_1_58' title="bbox 876 1491 1605 1544; baseline -0.001 -15"><span class='ocrx_word' id='word_1_302' title='bbox 876 1501 954 1530; x_wconf 92' lang='lat' dir='ltr'><strong>not.</strong></span> <span class='ocrx_word' id='word_1_303' title='bbox 969 1501 1006 1531; x_wconf 88' lang='lat' dir='ltr'><strong>ct</strong></span> <span class='ocrx_word' id='word_1_304' title='bbox 1025 1496 1172 1532; x_wconf 86' lang='lat' dir='ltr'><strong>emend.</strong></span> <span class='ocrx_word' id='word_1_305' title='bbox 1192 1495 1240 1531; x_wconf 85' lang='lat' dir='ltr'><strong>ad</strong></span> <span class='ocrx_word' id='word_1_306' title='bbox 1257 1505 1344 1544; x_wconf 86' lang='lat' dir='ltr'><strong>cap.</strong></span> <span class='ocrx_word' id='word_1_307' title='bbox 1361 1497 1422 1531; x_wconf 80' lang='lat'><strong>12.</strong></span> <span class='ocrx_word' id='word_1_308' title='bbox 1452 1491 1605 1529; x_wconf 83' lang='lat' dir='ltr'><strong>solidus</strong></span> 
     </span>
     <span class='ocr_line' id='line_1_59' title="bbox 875 1546 1608 1587; baseline 0.001 -4"><span class='ocrx_word' id='word_1_309' title='bbox 875 1553 1004 1585; x_wconf 84' lang='lat' dir='ltr'><strong>autem</strong></span> <span class='ocrx_word' id='word_1_310' title='bbox 1029 1549 1242 1587; x_wconf 87' lang='lat' dir='ltr'><strong>Saxonicus</strong></span> <span class='ocrx_word' id='word_1_311' title='bbox 1267 1548 1433 1584; x_wconf 88' lang='lat' dir='ltr'><strong>duorum</strong></span> <span class='ocrx_word' id='word_1_312' title='bbox 1461 1546 1608 1584; x_wconf 85' lang='lat' dir='ltr'><strong>tremis-</strong></span> 
     </span>
     <span class='ocr_line' id='line_1_60' title="bbox 875 1597 1606 1651; baseline 0 -14"><span class='ocrx_word' id='word_1_313' title='bbox 875 1601 974 1638; x_wconf 87' lang='lat' dir='ltr'><strong>sium</strong></span> <span class='ocrx_word' id='word_1_314' title='bbox 994 1602 1146 1641; x_wconf 83' lang='lat' dir='ltr'><strong>valebat</strong></span> <span class='ocrx_word' id='word_1_315' title='bbox 1165 1602 1318 1640; x_wconf 87' lang='lat' dir='ltr'><strong>circiter</strong></span> <span class='ocrx_word' id='word_1_316' title='bbox 1336 1600 1455 1651; x_wconf 83' lang='lat' dir='ltr'><strong>Angl.</strong></span> <span class='ocrx_word' id='word_1_317' title='bbox 1472 1597 1606 1643; x_wconf 67' lang='lat' dir='ltr'><strong>7⁸.6d.</strong></span> 
     </span>
     <span class='ocr_line' id='line_1_61' title="bbox 878 1653 1607 1695; baseline 0 -3"><span class='ocrx_word' id='word_1_318' title='bbox 878 1655 1032 1694; x_wconf 86' lang='lat' dir='ltr'><strong>Solidus</strong></span> <span class='ocrx_word' id='word_1_319' title='bbox 1057 1657 1175 1695; x_wconf 88' lang='lat' dir='ltr'><strong>trium</strong></span> <span class='ocrx_word' id='word_1_320' title='bbox 1202 1655 1430 1694; x_wconf 84' lang='lat' dir='ltr'><strong>tremissium</strong></span> <span class='ocrx_word' id='word_1_321' title='bbox 1456 1653 1607 1692; x_wconf 80' lang='lat' dir='ltr'><strong>valebat</strong></span> 
     </span>
     <span class='ocr_line' id='line_1_62' title="bbox 877 1709 1270 1762; baseline 0.008 -17"><span class='ocrx_word' id='word_1_322' title='bbox 877 1709 1029 1748; x_wconf 78' lang='lat' dir='ltr'><strong>circiter</strong></span> <span class='ocrx_word' id='word_1_323' title='bbox 1046 1711 1164 1762; x_wconf 84' lang='lat' dir='ltr'><strong>Angl.</strong></span> <span class='ocrx_word' id='word_1_324' title='bbox 1190 1715 1270 1748; x_wconf 88' lang='lat' dir='ltr'><strong>lls.</strong></span> 
     </span>
    </p>

    <p class='ocr_par' dir='ltr' id='par_1_10' title="bbox 875 1760 1608 2784">
     <span class='ocr_line' id='line_1_63' title="bbox 929 1760 1607 1812; baseline -0.003 -10"><span class='ocrx_word' id='word_1_325' title='bbox 929 1760 950 1784; x_wconf 77' lang='lat'><strong>⁴*</strong></span> <span class='ocrx_word' id='word_1_326' title='bbox 977 1764 1076 1802; x_wconf 85' lang='lat' dir='ltr'><strong>Pars</strong></span> <span class='ocrx_word' id='word_1_327' title='bbox 1095 1765 1232 1802; x_wconf 80' lang='lat' dir='ltr'><strong>multoe.</strong></span> <span class='ocrx_word' id='word_1_328' title='bbox 1263 1763 1394 1801; x_wconf 83' lang='lat' dir='ltr'><strong>Multa</strong></span> <span class='ocrx_word' id='word_1_329' title='bbox 1424 1762 1493 1799; x_wconf 84' lang='lat' dir='ltr'><strong>illa</strong></span> <span class='ocrx_word' id='word_1_330' title='bbox 1522 1775 1607 1812; x_wconf 86' lang='lat' dir='ltr'><strong>pas-</strong></span> 
     </span>
     <span class='ocr_line' id='line_1_64' title="bbox 876 1816 1607 1870; baseline -0.003 -15"><span class='ocrx_word' id='word_1_331' title='bbox 876 1818 947 1856; x_wconf 90' lang='lat' dir='ltr'><strong>sim</strong></span> <span class='ocrx_word' id='word_1_332' title='bbox 965 1818 1003 1855; x_wconf 88' lang='lat' dir='ltr'><strong>in</strong></span> <span class='ocrx_word' id='word_1_333' title='bbox 1024 1818 1104 1869; x_wconf 88' lang='lat' dir='ltr'><strong>lege</strong></span> <span class='ocrx_word' id='word_1_334' title='bbox 1126 1816 1257 1857; x_wconf 68' lang='lat' dir='ltr'><strong>Salica</strong></span> <span class='ocrx_word' id='word_1_335' title='bbox 1283 1816 1504 1870; x_wconf 75' lang='lat' dir='ltr'><strong>appellatur</strong></span> <span class='ocrx_word' id='word_1_336' title='bbox 1516 1816 1607 1867; x_wconf 83' lang='lat' dir='ltr'><strong>sre-</strong></span> 
     </span>
     <span class='ocr_line' id='line_1_65' title="bbox 878 1869 1605 1923; baseline -0.006 -13"><span class='ocrx_word' id='word_1_337' title='bbox 878 1872 976 1918; x_wconf 80' lang='lat' dir='ltr'><strong>dum,</strong></span> <span class='ocrx_word' id='word_1_338' title='bbox 990 1872 1029 1909; x_wconf 91' lang='lat' dir='ltr'><strong>id</strong></span> <span class='ocrx_word' id='word_1_339' title='bbox 1045 1880 1113 1919; x_wconf 87' lang='lat' dir='ltr'><strong>est,</strong></span> <span class='ocrx_word' id='word_1_340' title='bbox 1128 1885 1215 1923; x_wconf 73' lang='lat' dir='ltr'><strong>pax,</strong></span> <span class='ocrx_word' id='word_1_341' title='bbox 1231 1870 1439 1915; x_wconf 85' lang='lat' dir='ltr'><strong>solveretur</strong></span> <span class='ocrx_word' id='word_1_342' title='bbox 1454 1869 1530 1920; x_wconf 81' lang='lat' dir='ltr'><strong>regi</strong></span> <span class='ocrx_word' id='word_1_343' title='bbox 1546 1869 1605 1907; x_wconf 87' lang='lat' dir='ltr'><strong>vel</strong></span> 
     </span>
     <span class='ocr_line' id='line_1_66' title="bbox 878 1924 1608 1977; baseline -0.004 -14"><span class='ocrx_word' id='word_1_344' title='bbox 878 1926 1038 1968; x_wconf 83' lang='lat' dir='ltr'><strong>civitati,</strong></span> <span class='ocrx_word' id='word_1_345' title='bbox 1060 1927 1166 1977; x_wconf 79' lang='lat' dir='ltr'><strong>quasi</strong></span> <span class='ocrx_word' id='word_1_346' title='bbox 1194 1925 1388 1964; x_wconf 88' lang='lat' dir='ltr'><strong>tutoribus</strong></span> <span class='ocrx_word' id='word_1_347' title='bbox 1407 1924 1608 1962; x_wconf 81' lang='lat' dir='ltr'><strong>firmatori-</strong></span> 
     </span>
     <span class='ocr_line' id='line_1_67' title="bbox 879 1978 1607 2030; baseline -0.003 -13"><span class='ocrx_word' id='word_1_348' title='bbox 879 1981 1025 2030; x_wconf 84' lang='lat' dir='ltr'><strong>busque</strong></span> <span class='ocrx_word' id='word_1_349' title='bbox 1052 1981 1159 2030; x_wconf 70' lang='lat' dir='ltr'><strong>pacis</strong></span> <span class='ocrx_word' id='word_1_350' title='bbox 1187 1993 1234 2018; x_wconf 85' lang='lat' dir='ltr'><strong>ac</strong></span> <span class='ocrx_word' id='word_1_351' title='bbox 1264 1979 1484 2017; x_wconf 75' lang='lat' dir='ltr'><strong>securitatis</strong></span> <span class='ocrx_word' id='word_1_352' title='bbox 1507 1978 1607 2028; x_wconf 89' lang='lat' dir='ltr'><strong>pub-</strong></span> 
     </span>
     <span class='ocr_line' id='line_1_68' title="bbox 878 2032 1606 2083; baseline -0.003 -13"><span class='ocrx_word' id='word_1_353' title='bbox 878 2033 978 2072; x_wconf 89' lang='lat' dir='ltr'><strong>licae.</strong></span> <span class='ocrx_word' id='word_1_354' title='bbox 1036 2033 1124 2072; x_wconf 72' lang='lat' dir='ltr'><strong>Hac</strong></span> <span class='ocrx_word' id='word_1_355' title='bbox 1142 2035 1189 2071; x_wconf 86' lang='lat' dir='ltr'><strong>de</strong></span> <span class='ocrx_word' id='word_1_356' title='bbox 1206 2047 1245 2072; x_wconf 89' lang='lat' dir='ltr'><strong>re</strong></span> <span class='ocrx_word' id='word_1_357' title='bbox 1262 2032 1408 2083; x_wconf 75' lang='lat' dir='ltr'><strong>egregie</strong></span> <span class='ocrx_word' id='word_1_358' title='bbox 1429 2032 1606 2069; x_wconf 82' lang='lat' dir='ltr'><strong>disseruit</strong></span> 
     </span>
     <span class='ocr_line' id='line_1_69' title="bbox 878 2086 1606 2138; baseline -0.004 -12"><span class='ocrx_word' id='word_1_359' title='bbox 878 2087 939 2126; x_wconf 86' lang='lat' dir='ltr'><strong>Cl.</strong></span> <span class='ocrx_word' id='word_1_360' title='bbox 975 2088 1022 2125; x_wconf 87' lang='lat' dir='ltr'><strong>de</strong></span> <span class='ocrx_word' id='word_1_361' title='bbox 1051 2088 1336 2138; x_wconf 85' lang='lat' dir='ltr'><strong>Montesquieu,</strong></span> <span class='ocrx_word' id='word_1_362' title='bbox 1372 2086 1508 2136; x_wconf 84' lang='lat' dir='ltr'><strong>Esprit</strong></span> <span class='ocrx_word' id='word_1_363' title='bbox 1543 2087 1606 2123; x_wconf 85' lang='lat' dir='ltr'><strong>des</strong></span> 
     </span>
     <span class='ocr_line' id='line_1_70' title="bbox 878 2139 1608 2190; baseline -0.003 -12"><span class='ocrx_word' id='word_1_364' title='bbox 878 2140 986 2188; x_wconf 76' lang='lat' dir='ltr'><strong>Loix,</strong></span> <span class='ocrx_word' id='word_1_365' title='bbox 1003 2154 1115 2180; x_wconf 76' lang='lat' dir='ltr'><strong>xxx.</strong></span> <span class='ocrx_word' id='word_1_366' title='bbox 1128 2146 1193 2180; x_wconf 78' lang='lat'><strong>20.</strong></span> <span class='ocrx_word' id='word_1_367' title='bbox 1223 2144 1278 2179; x_wconf 85' lang='lat' dir='ltr'><strong>At</strong></span> <span class='ocrx_word' id='word_1_368' title='bbox 1293 2141 1391 2178; x_wconf 81' lang='lat' dir='ltr'><strong>idem</strong></span> <span class='ocrx_word' id='word_1_369' title='bbox 1406 2139 1467 2177; x_wconf 92' lang='lat' dir='ltr'><strong>Cl.</strong></span> <span class='ocrx_word' id='word_1_370' title='bbox 1480 2139 1608 2190; x_wconf 86' lang='lat' dir='ltr'><strong>Scrip-</strong></span> 
     </span>
     <span class='ocr_line' id='line_1_71' title="bbox 877 2193 1608 2246; baseline -0.001 -15"><span class='ocrx_word' id='word_1_371' title='bbox 877 2201 948 2240; x_wconf 85' lang='lat' dir='ltr'><strong>tor,</strong></span> <span class='ocrx_word' id='word_1_372' title='bbox 994 2196 1069 2234; x_wconf 89' lang='lat' dir='ltr'><strong>loc.</strong></span> <span class='ocrx_word' id='word_1_373' title='bbox 1105 2197 1171 2234; x_wconf 93' lang='lat' dir='ltr'><strong>cit.</strong></span> <span class='ocrx_word' id='word_1_374' title='bbox 1204 2208 1291 2246; x_wconf 86' lang='lat' dir='ltr'><strong>cap.</strong></span> <span class='ocrx_word' id='word_1_375' title='bbox 1331 2199 1392 2239; x_wconf 89' lang='lat'><strong>19.</strong></span> <span class='ocrx_word' id='word_1_376' title='bbox 1426 2193 1608 2244; x_wconf 88' lang='lat' dir='ltr'><strong>opinatur</strong></span> 
     </span>
     <span class='ocr_line' id='line_1_72' title="bbox 876 2248 1604 2288; baseline -0.003 -2"><span class='ocrx_word' id='word_1_377' title='bbox 876 2249 1086 2287; x_wconf 73' lang='lat' dir='ltr'><strong>Germanos</strong></span> <span class='ocrx_word' id='word_1_378' title='bbox 1122 2250 1251 2288; x_wconf 86' lang='lat' dir='ltr'><strong>adhuc</strong></span> <span class='ocrx_word' id='word_1_379' title='bbox 1286 2249 1400 2286; x_wconf 87' lang='lat' dir='ltr'><strong>fuisse</strong></span> <span class='ocrx_word' id='word_1_380' title='bbox 1427 2248 1467 2284; x_wconf 91' lang='lat' dir='ltr'><strong>in</strong></span> <span class='ocrx_word' id='word_1_381' title='bbox 1500 2255 1604 2285; x_wconf 87' lang='lat' dir='ltr'><strong>statu</strong></span> 
     </span>
     <span class='ocr_line' id='line_1_73' title="bbox 876 2302 1605 2354; baseline -0.003 -14"><span class='ocrx_word' id='word_1_382' title='bbox 876 2311 1022 2340; x_wconf 86' lang='lat' dir='ltr'><strong>naturae</strong></span> <span class='ocrx_word' id='word_1_383' title='bbox 1053 2311 1222 2354; x_wconf 87' lang='lat' dir='ltr'><strong>tempore</strong></span> <span class='ocrx_word' id='word_1_384' title='bbox 1255 2303 1389 2340; x_wconf 73' lang='lat' dir='ltr'><strong>Taciti.</strong></span> <span class='ocrx_word' id='word_1_385' title='bbox 1435 2302 1511 2339; x_wconf 92' lang='lat' dir='ltr'><strong>Cui</strong></span> <span class='ocrx_word' id='word_1_386' title='bbox 1541 2302 1605 2338; x_wconf 83' lang='lat' dir='ltr'><strong>vix</strong></span> 
     </span>
     <span class='ocr_line' id='line_1_74' title="bbox 875 2356 1604 2406; baseline -0.001 -12"><span class='ocrx_word' id='word_1_387' title='bbox 875 2357 1068 2394; x_wconf 75' lang='lat' dir='ltr'><strong>assentiar.</strong></span> <span class='ocrx_word' id='word_1_388' title='bbox 1139 2357 1214 2395; x_wconf 85' lang='lat' dir='ltr'><strong>Ubi</strong></span> <span class='ocrx_word' id='word_1_389' title='bbox 1250 2357 1349 2394; x_wconf 84' lang='lat' dir='ltr'><strong>enim</strong></span> <span class='ocrx_word' id='word_1_390' title='bbox 1387 2369 1501 2406; x_wconf 83' lang='lat' dir='ltr'><strong>reges,</strong></span> <span class='ocrx_word' id='word_1_391' title='bbox 1538 2356 1604 2393; x_wconf 85' lang='lat' dir='ltr'><strong>ubi</strong></span> 
     </span>
     <span class='ocr_line' id='line_1_75' title="bbox 877 2409 1606 2458; baseline -0.004 -9"><span class='ocrx_word' id='word_1_392' title='bbox 877 2411 1061 2457; x_wconf 84' lang='lat' dir='ltr'><strong>civitates,</strong></span> <span class='ocrx_word' id='word_1_393' title='bbox 1096 2411 1163 2448; x_wconf 93' lang='lat' dir='ltr'><strong>ubi</strong></span> <span class='ocrx_word' id='word_1_394' title='bbox 1200 2412 1317 2458; x_wconf 86' lang='lat' dir='ltr'><strong>freda,</strong></span> <span class='ocrx_word' id='word_1_395' title='bbox 1350 2423 1415 2448; x_wconf 84' lang='lat' dir='ltr'><strong>seu</strong></span> <span class='ocrx_word' id='word_1_396' title='bbox 1460 2409 1606 2455; x_wconf 79' lang='lat' dir='ltr'><strong>multae,</strong></span> 
     </span>
     <span class='ocr_line' id='line_1_76' title="bbox 875 2463 1605 2515; baseline 0 -14"><span class='ocrx_word' id='word_1_397' title='bbox 875 2477 961 2514; x_wconf 87' lang='lat' dir='ltr'><strong>quae</strong></span> <span class='ocrx_word' id='word_1_398' title='bbox 979 2466 1069 2515; x_wconf 83' lang='lat' dir='ltr'><strong>regi,</strong></span> <span class='ocrx_word' id='word_1_399' title='bbox 1099 2465 1154 2502; x_wconf 88' lang='lat' dir='ltr'><strong>vel</strong></span> <span class='ocrx_word' id='word_1_400' title='bbox 1187 2464 1348 2509; x_wconf 86' lang='lat' dir='ltr'><strong>civitati,</strong></span> <span class='ocrx_word' id='word_1_401' title='bbox 1379 2463 1445 2501; x_wconf 91' lang='lat' dir='ltr'><strong>ubi</strong></span> <span class='ocrx_word' id='word_1_402' title='bbox 1465 2464 1605 2501; x_wconf 83' lang='lat' dir='ltr'><strong>widri-</strong></span> 
     </span>
     <span class='ocr_line' id='line_1_77' title="bbox 875 2517 1605 2569; baseline 0 -14"><span class='ocrx_word' id='word_1_403' title='bbox 875 2518 991 2568; x_wconf 75' lang='lat' dir='ltr'><strong>gilda,</strong></span> <span class='ocrx_word' id='word_1_404' title='bbox 1010 2518 1048 2556; x_wconf 89' lang='lat' dir='ltr'><strong>id</strong></span> <span class='ocrx_word' id='word_1_405' title='bbox 1068 2526 1135 2565; x_wconf 88' lang='lat' dir='ltr'><strong>est,</strong></span> <span class='ocrx_word' id='word_1_406' title='bbox 1162 2525 1275 2556; x_wconf 83' lang='lat' dir='ltr'><strong>certae</strong></span> <span class='ocrx_word' id='word_1_407' title='bbox 1301 2517 1605 2569; x_wconf 82' lang='lat' dir='ltr'><strong>compositiones,</strong></span> 
     </span>
     <span class='ocr_line' id='line_1_78' title="bbox 875 2571 1607 2622; baseline -0.001 -13"><span class='ocrx_word' id='word_1_408' title='bbox 875 2585 962 2621; x_wconf 86' lang='lat' dir='ltr'><strong>quae</strong></span> <span class='ocrx_word' id='word_1_409' title='bbox 991 2573 1061 2622; x_wconf 84' lang='lat' dir='ltr'><strong>ipsi</strong></span> <span class='ocrx_word' id='word_1_410' title='bbox 1083 2573 1150 2622; x_wconf 87' lang='lat' dir='ltr'><strong>qni</strong></span> <span class='ocrx_word' id='word_1_411' title='bbox 1178 2573 1405 2616; x_wconf 88' lang='lat' dir='ltr'><strong>vindicatur,</strong></span> <span class='ocrx_word' id='word_1_412' title='bbox 1434 2571 1493 2608; x_wconf 86' lang='lat' dir='ltr'><strong>vel</strong></span> <span class='ocrx_word' id='word_1_413' title='bbox 1521 2584 1607 2622; x_wconf 89' lang='lat' dir='ltr'><strong>pro-</strong></span> 
     </span>
     <span class='ocr_line' id='line_1_79' title="bbox 878 2624 1606 2676; baseline 0.001 -14"><span class='ocrx_word' id='word_1_414' title='bbox 878 2626 1030 2676; x_wconf 83' lang='lat' dir='ltr'><strong>pinquis</strong></span> <span class='ocrx_word' id='word_1_415' title='bbox 1047 2627 1128 2675; x_wconf 87' lang='lat' dir='ltr'><strong>ejus</strong></span> <span class='ocrx_word' id='word_1_416' title='bbox 1145 2627 1408 2670; x_wconf 82' lang='lat' dir='ltr'><strong>exsolvantur,</strong></span> <span class='ocrx_word' id='word_1_417' title='bbox 1425 2624 1478 2675; x_wconf 85' lang='lat' dir='ltr'><strong>ibi</strong></span> <span class='ocrx_word' id='word_1_418' title='bbox 1498 2625 1606 2663; x_wconf 76' lang='lat' dir='ltr'><strong>desiit</strong></span> 
     </span>
     <span class='ocr_line' id='line_1_80' title="bbox 876 2679 1606 2724; baseline 0.001 -9"><span class='ocrx_word' id='word_1_419' title='bbox 876 2687 995 2717; x_wconf 69' lang='lat' dir='ltr'><strong>status</strong></span> <span class='ocrx_word' id='word_1_420' title='bbox 1022 2687 1182 2724; x_wconf 76' lang='lat' dir='ltr'><strong>naturae,</strong></span> <span class='ocrx_word' id='word_1_421' title='bbox 1209 2681 1261 2717; x_wconf 91' lang='lat' dir='ltr'><strong>ibi</strong></span> <span class='ocrx_word' id='word_1_422' title='bbox 1286 2679 1531 2717; x_wconf 88' lang='lat' dir='ltr'><strong>dominantur</strong></span> <span class='ocrx_word' id='word_1_423' title='bbox 1555 2679 1606 2716; x_wconf 76' lang='lat'><strong>10-</strong></span> 
     </span>
     <span class='ocr_line' id='line_1_81' title="bbox 875 2733 1508 2784; baseline 0.002 -15"><span class='ocrx_word' id='word_1_424' title='bbox 875 2745 949 2782; x_wconf 77' lang='lat' dir='ltr'><strong>ges,</strong></span> <span class='ocrx_word' id='word_1_425' title='bbox 967 2733 1019 2770; x_wconf 93' lang='lat' dir='ltr'><strong>ibi</strong></span> <span class='ocrx_word' id='word_1_426' title='bbox 1039 2734 1165 2784; x_wconf 82' lang='lat' dir='ltr'><strong>vigent</strong></span> <span class='ocrx_word' id='word_1_427' title='bbox 1185 2734 1312 2784; x_wconf 78' lang='lat' dir='ltr'><strong>logum</strong></span> <span class='ocrx_word' id='word_1_428' title='bbox 1332 2734 1508 2783; x_wconf 84' lang='lat' dir='ltr'><strong>imperia.</strong></span> 
     </span>
    </p>

    <p class='ocr_par' dir='ltr' id='par_1_11' title="bbox 875 2784 1606 3052">
     <span class='ocr_line' id='line_1_82' title="bbox 927 2784 1605 2837; baseline -0.001 -13"><span class='ocrx_word' id='word_1_429' title='bbox 927 2784 941 2806; x_wconf 89' lang='lat'><em>⁵</em></span> <span class='ocrx_word' id='word_1_430' title='bbox 975 2787 1027 2824; x_wconf 88' lang='lat' dir='ltr'><strong>Et</strong></span> <span class='ocrx_word' id='word_1_431' title='bbox 1057 2788 1260 2837; x_wconf 77' lang='lat' dir='ltr'><strong>principes.</strong></span> <span class='ocrx_word' id='word_1_432' title='bbox 1307 2788 1447 2825; x_wconf 82' lang='lat' dir='ltr'><strong>Paucis</strong></span> <span class='ocrx_word' id='word_1_433' title='bbox 1482 2786 1605 2836; x_wconf 81' lang='lat' dir='ltr'><strong>expli-</strong></span> 
     </span>
     <span class='ocr_line' id='line_1_83' title="bbox 876 2841 1604 2878; baseline -0.003 -2"><span class='ocrx_word' id='word_1_434' title='bbox 876 2841 1012 2877; x_wconf 84' lang='lat' dir='ltr'><strong>candae</strong></span> <span class='ocrx_word' id='word_1_435' title='bbox 1048 2841 1172 2878; x_wconf 84' lang='lat' dir='ltr'><strong>civilis</strong></span> <span class='ocrx_word' id='word_1_436' title='bbox 1204 2842 1487 2878; x_wconf 85' lang='lat' dir='ltr'><strong>Germanorum</strong></span> <span class='ocrx_word' id='word_1_437' title='bbox 1517 2842 1604 2876; x_wconf 71' lang='grc' dir='ltr'><strong><em>οἱκο-</em></strong></span> 
     </span>
     <span class='ocr_line' id='line_1_84' title="bbox 876 2892 1604 2944; baseline 0.004 -16"><span class='ocrx_word' id='word_1_438' title='bbox 876 2892 987 2941; x_wconf 75' lang='grc' dir='ltr'><strong><em>νομιί.</em></strong></span> <span class='ocrx_word' id='word_1_439' title='bbox 1046 2894 1167 2932; x_wconf 86' lang='lat' dir='ltr'><strong>Erant</strong></span> <span class='ocrx_word' id='word_1_440' title='bbox 1210 2894 1319 2931; x_wconf 90' lang='lat' dir='ltr'><strong>divisi</strong></span> <span class='ocrx_word' id='word_1_441' title='bbox 1365 2893 1404 2931; x_wconf 88' lang='lat' dir='ltr'><strong>in</strong></span> <span class='ocrx_word' id='word_1_442' title='bbox 1433 2893 1604 2944; x_wconf 74' lang='lat' dir='ltr'><strong>populos.</strong></span> 
     </span>
     <span class='ocr_line' id='line_1_85' title="bbox 876 2945 1604 2998; baseline 0.003 -16"><span class='ocrx_word' id='word_1_443' title='bbox 876 2947 968 2984; x_wconf 85' lang='lat' dir='ltr'><strong>Alii</strong></span> <span class='ocrx_word' id='word_1_444' title='bbox 987 2950 1256 2996; x_wconf 83' lang='lat' dir='ltr'><strong>regnabantur,</strong></span> <span class='ocrx_word' id='word_1_445' title='bbox 1282 2948 1334 2985; x_wconf 89' lang='lat' dir='ltr'><strong>ibi</strong></span> <span class='ocrx_word' id='word_1_446' title='bbox 1355 2961 1486 2998; x_wconf 84' lang='lat' dir='ltr'><strong>reges:</strong></span> <span class='ocrx_word' id='word_1_447' title='bbox 1517 2945 1604 2984; x_wconf 86' lang='lat' dir='ltr'><strong>aliis</strong></span> 
     </span>
     <span class='ocr_line' id='line_1_86' title="bbox 875 2997 1606 3052; baseline -0.001 -15"><span class='ocrx_word' id='word_1_448' title='bbox 875 2999 1026 3050; x_wconf 87' lang='lat' dir='ltr'><strong>placuit</strong></span> <span class='ocrx_word' id='word_1_449' title='bbox 1042 2997 1191 3046; x_wconf 74' lang='lat' dir='ltr'><strong>civitas,</strong></span> <span class='ocrx_word' id='word_1_450' title='bbox 1210 3014 1297 3052; x_wconf 86' lang='lat' dir='ltr'><strong>quae</strong></span> <span class='ocrx_word' id='word_1_451' title='bbox 1320 3002 1443 3051; x_wconf 79' lang='lat' dir='ltr'><strong>prima</strong></span> <span class='ocrx_word' id='word_1_452' title='bbox 1462 3008 1516 3039; x_wconf 78' lang='lat' dir='ltr'><strong>est</strong></span> <span class='ocrx_word' id='word_1_453' title='bbox 1533 2999 1606 3037; x_wconf 77' lang='lat' dir='ltr'><strong>rci-</strong></span> 
     </span>
    </p>
   </div>
  </div>
 </body>
</html>
