1800 3236
677 185 998 225 GERMANIA.
1330 184 1339 193 ”
1554 190 1603 225 21

96 296 173 345 ,9.
206 292 446 345 ΠεοιωΜ
462 292 488 315 “·
521 287 725 341 maxime
763 286 1090 339 Mercurium²
1127 287 1305 348 colunt,
1349 285 1426 338 cui
1464 287 1601 339 certis

54 478 240 534 Aurinia,
250 484 423 524 nondum
437 483 651 522 invaluerat
665 495 793 533 super·
864 480 1069 520 Vulcanum
1099 484 1136 518 et
1165 478 1310 517 Lunam
1323 494 1337 518 .·
1368 480 1530 529 reliquos
1547 493 1593 518 ne

57 538 164 578 stitio
196 553 284 590 quae
313 552 376 578 eas
404 539 495 578 fecit
526 539 642 580 Deas.
682 537 791 583 =Inde

55 592 230 640 Tacitus,
251 594 352 632 Hist.
373 605 432 632 ιν.
452 591 517 632 61.
539 593 675 631 Vetere
691 592 793 641 apud

2 663 6 668 ·
59 646 268 690 Germanos
292 654 404 692 more,
429 659 499 698 quo
514 647 710 698 plerasque
713 645 792 697 foe-

57 701 241 740 minarum
257 701 462 754 fatidicas,
487 706 537 746 et,
570 705 791 752 augescente

55 755 334 806 superstitione,
388 755 622 793 arbitrentur
670 754 790 793 Deus.

59 808 178 850 mura
189 810 276 848 vide
293 809 400 861 apud
416 809 611 847 eruditum
633 809 789 860 Keyslc»

0 907 4 910 .
55 874 157 910 rum,
175 864 437 915 Antiquitates
456 862 786 914 Septentrionales‚

53 915 97 954 in
125 918 327 957 Disseruit.
355 919 402 956 de
420 917 653 956 Mulie—ribus
684 919 787 956 Fati-

5 998 9 1003 ,
54 970 165 1017 dicis,
179 985 218 1022 p.
235 970 317 1011 456
341 982 379 1011 et
395 985 472 1023 seq.
530 972 701 1022 Effigiem
721 974 786 1010 foe-

54 1024 169 1063 minae
186 1027 354 1065 fatidicae
380 1027 485 1077 apud
502 1026 650 1064 Gothos
677 1027 786 1065 exhi-

55 1079 118 1116 bet
143 1079 337 1118 Columna
362 1080 637 1126 Theodosiana,
667 1093 782 1132 quam

52 1132 140 1170 vide
169 1134 208 1172 in
237 1134 488 1180 C1.Ba,nduri
510 1134 672 1185 Imperio
699 1134 786 1172 Ori-

53 1187 184 1226 entali.
224 1188 358 1229 Postea
372 1188 461 1226 vero
479 1196 558 1227 tam
578 1189 783 1234 immodice

52 1239 224 1280 foeminas
238 1242 324 1280 illas
349 1242 470 1280 fecere
490 1243 606 1289 Deas,
625 1251 669 1280 ut
687 1243 785 1281 inter

51 1303 300 1347 monumenta
317 1297 551 1335 Germanica
563 1297 701 1348 passim
720 1310 784 1336 oc-

50 1356 209 1388 currant
226 1363 301 1388 arae
318 1351 662 1402 Inscriptionesque
686 1351 785 1402 posi-

51 1410 100 1440 ²ae
119 1404 442 1443 MATRIBVS
462 1405 519 1443 vel
546 1405 784 1444 MATRO-

52 1455 156 1496 NIS
213 1459 448 1504 SVEBIS,
510 1473 576 1498 seu
638 1460 783 1506 Suevis‚

50 1509 378 1560 TREVERIS,
396 1513 557 1552 AVFA
572 1513 685 1561 NIS,
705 1515 781 1563 ᾅτς.

49 1564 223 1605 Unicum
257 1566 407 1606 tantum
442 1567 664 1618 exemplum
696 1582 782 1620 pro-

49 1618 167 1659 feram
185 1621 207 1660 ὲ
224 1622 404 1669 (butero,
423 1636 462 1674 p.
478 1627 546 1668 90.
564 1635 601 1660 n.
624 1626 686 1662 10.

285 1722 339 1749 1⁸
371 1723 418 1749 Β.
445 1722 487 1748 n.
518 1723 559 1749 n.

146 1791 239 1818 ms.
269 1791 414 1820 mian.
443 1794 483 1824 Q.
511 1781 697 1820 OMNIB-

211 1863 484 1890 MATRIBVS.
512 1865 609 1890 var
627 1868 635 1875 ·

147 1909 398 1960 ruuavs.
428 1934 482 1960 nr
510 1934 670 1961 enum

197 2003 322 2032 ιοσῐ.
352 2005 571 2031 εΑσιινΜ.
599 2005 637 2032 c.

43 2075 340 2103 ravnlclvs.
370 2076 455 2103 B-l’.
485 2077 582 2105 cos,
611 2077 777 2105 Pnosr.

162 2147 231 2175 ET.
260 2147 450 2177 svis„v,
479 2148 511 2174 s.
540 2148 579 2174 1..
611 2149 659 2175 M.

190 2218 385 2250 rosvrr.
413 2220 481 2247 nr.
511 2219 646 2249 mun.

45 2314 90 2353 Id
107 2318 184 2353 est:
214 2315 266 2353 In
285 2315 457 2355 honorem
481 2316 615 2355 divinoe
633 2315 775 2364 dom-as,

43 2369 149 2415 Diis,
184 2368 407 2420 Dealmsque
440 2370 616 2416 omnihus,
642 2372 774 2409 matri—

42 2424 110 2464 bus
142 2422 181 2460 V
176 2423 372 2473 aphtiobus
397 2430 435 2464 et
466 2423 588 2462 Genio
616 2425 689 2462 loci
715 2438 774 2463 sa-

39 2490 146 2516 crum
165 2475 278 2516 caim
297 2477 508 2524 Tauricam,
524 2478 606 2515 beni
634 2478 773 2518 ciarius

42 2531 216 2577 consulis,
242 2535 314 2581 pri>
330 2544 369 2568 se
393 2538 429 2570 et
455 2532 533 2570 suis
559 2537 684 2570 votum
700 2535 774 2571 sol-

41 2596 130 2623 vens
147 2586 275 2623 labem
299 2584 431 2623 merito
451 2585 579 2636 posuit
597 2591 635 2623 et
654 2586 771 2635 dedit,

42 2640 114 2686 hc.

40 2766 57 2785 ;·
84 2743 110 2784 .¹
139 2745 323 2784 Deorum.
359 2748 394 2792 A
420 2745 558 2784 Tacito
577 2746 771 2785 dissentire

11 2814 19 2818 ·
38 2799 194 2839 videtur
217 2800 348 2839 Julius
373 2801 515 2846 Caesar,
541 2800 638 2838 Bell.
662 2800 768 2840 Gall.

39 2865 121 2892 nn.
139 2857 205 2893 21.
241 2854 408 2892 Deorum
425 2857 576 2893 numero
597 2867 658 2892 eos
672 2856 770 2894 solos

38 2908 194 2955 ducunt,
224 2921 312 2958 quos
345 2914 515 2954 cernunt,
548 2914 587 2946 et
615 2921 770 2958 quorum

40 2961 166 3012 opibus
197 2960 326 3014 aperte
343 2964 551 3014 juvantur,
580 2960 702 3002 Solem
731 2969 770 3002 et

382 3176 429 3231 -ῑι

843 534 960 587 samd
975 534 1120 585 quidem
1131 538 1366 584 acceperunt.
1388 534 1591 585 Distingue

858 598 1052 640 tempora;
1080 597 1118 627 et
1145 601 1296 626 summa
1312 587 1384 626 erit
1401 587 1586 626 caesarem

857 643 958 682 inter
969 655 1015 681 ac
1029 643 1063 680 T
1064 643 1210 681 acitum
1226 641 1434 680 consensio.
1463 642 1589 681 Caesa-

858 697 906 735 ris
943 704 1054 735 aetate
1097 708 1198 741 suOS,
1234 704 1271 734 et
1306 697 1476 734 barbaris
1510 696 1587 734 fere

856 752 1034 789 omnibus
1057 751 1275 797 familiares,
1299 751 1400 788 Deos
1418 750 1587 788 habuere

857 805 1040 844 Germani
1058 805 1197 851 Solem,
1218 805 1365 843 Lunam
1386 812 1425 843 et
1441 804 1588 843 Vulca-

855 873 963 906 num,
993 859 1033 897 id
1058 867 1126 905 est,
1157 860 1296 910 ignem,
1325 872 1440 909 quem
1466 859 1544 897 sive
1562 859 1584 898 ὲ

854 914 961 952 silice
994 914 1186 959 elicerent,
1230 914 1308 951 sive
1347 913 1585 951 velocissimo

854 968 1019 1010 duorum
1038 968 1227 1018 lignorum
1254 967 1420 1015 affricta,
1451 975 1493 1006 ut
1511 968 1587 1005 Ca-

854 1023 1081 1068 nadensibus
1100 1022 1268 1072 barbaris
1279 1021 1406 1060 adhuc
1423 1035 1504 1059 mos
1515 1030 1583 1070 est,

853 1077 1088 1124 excitarent,
1099 1077 1175 1114 sive
1191 1076 1335 1114 calidas
1349 1089 1482 1126 aquas,
1496 1089 1583 1126 quae

853 1131 893 1168 iu
925 1131 1074 1180 regione
1103 1139 1328 1175 occurrunt,
1354 1141 1581 1181 spectarent,

854 1185 931 1222 sive
949 1185 1045 1222 inter
1057 1184 1227 1222 tonitrua
1239 1185 1457 1222 stridentem
1472 1185 1582 1223 audi-

853 1247 946 1285 rent,
964 1238 1145 1276 admirari
1174 1239 1315 1289 paritor
1332 1251 1378 1276 ac
1409 1239 1582 1277 venerari

853 1305 1012 1343 coepere.
1071 1292 1207 1331 Postea
1227 1292 1430 1330 Gallorum
1449 1302 1487 1331 et
1507 1295 1582 1332 Ro-

853 1359 1052 1384 manorum
1088 1354 1288 1392 contactu,
1326 1347 1582 1395 Mercurium,

855 1401 1076 1447 Herculem,
1098 1401 1263 1438 Martem
1281 1413 1476 1452 accepere.
1507 1402 1583 1440 Eo-

852 1467 938 1492 rum
965 1455 1095 1493 cultus
1121 1463 1233 1493 aetate
1261 1455 1388 1493 Taciti
1418 1456 1581 1506 vigebat.

852 1509 952 1546 Ciim
975 1521 1042 1559 per
1057 1509 1304 1552 Germaniam
1325 1509 1397 1547 iter
1416 1508 1579 1549 facerem

850 1562 1021 1612 plurima
1046 1563 1219 1614 Neptuni
1250 1571 1499 1602 monumenta
1523 1578 1581 1604 re-

851 1616 930 1667 peri
945 1631 953 1655 ι
973 1617 1051 1655 alia
1068 1617 1234 1655 aliorum
1257 1618 1427 1655 Deorum
1445 1631 1582 1658 occur-

851 1678 954 1709 runt.
1011 1671 1181 1718 Scilicet,
1212 1671 1428 1710 labentibus
1458 1677 1579 1725 annis,

854 1724 1071 1776 Neptunus,
1099 1734 1300 1776 ceteraque
1325 1727 1497 1767 Deorum
1515 1745 1580 1770 ca-

850 1784 965 1825 terva,
983 1779 1021 1816 in
1039 1779 1287 1818 Germaniam
1308 1780 1455 1819 venere.

903 1830 922 1848 ²
947 1833 1196 1872 Mercurium.
1237 1835 1381 1873 Eadem
1398 1828 1487 1876 sabe
1505 1838 1579 1878 fuit

849 1887 955 1937 apud
972 1886 1339 1937 Germanossquam
1358 1891 1461 1940 apud
1482 1893 1578 1931 Gal-

848 1939 917 1986 los,
945 1940 1131 1981 Mercurii
1166 1940 1296 1981 cultus
1329 1956 1458 1982 causa.
1517 1948 1578 1986 De

848 1994 973 2032 Gallis
1004 1995 1134 2034 Julius
1163 1997 1303 2042 Caesar,
1342 1997 1440 2036 Bell.
1469 1999 1578 2040 Gall.

847 2061 907 2087 vx.
930 2052 990 2093 17.
1030 2050 1153 2088 Deum
1171 2050 1324 2089 maxime
1343 2051 1578 2093 Mercurium

846 2103 986 2149 colunt,
1014 2103 1125 2154 hujus
1150 2109 1239 2142 sunt
1267 2105 1432 2155 plurima
1465 2109 1577 2161 sunu!-

845 2156 951 2194 lacra
963 2173 978 2201 ,·
1025 2157 1120 2196 hunc
1155 2158 1313 2197 omnium
1347 2160 1576 2200 inventorem

844 2210 1130 2262 artiumferunt
1142 2227 1157 2256 ,·
1188 2212 1283 2251 hunc
1302 2212 1446 2251 viarum
1463 2221 1576 2266 utque

842 2263 1016 2303 itinerum
1034 2266 1185 2304 ducem:
1215 2266 1310 2305 hunc
1335 2268 1387 2305 ad
1415 2276 1577 2319 quaestus

838 2318 1004 2370 pecunia*
1029 2325 1333 2371 mercaturasque
1350 2321 1483 2360 babere
1500 2324 1574 2362 vim

842 2372 1036 2411 maximam
1060 2373 1314 2412 arbitrantur.
1370 2375 1463 2413 Inde.
1481 2377 1574 2416 cum

842 2425 935 2464 olim
969 2427 1009 2464 in
1043 2427 1201 2465 civitate
1242 2429 1427 2478 Aquensi,
1469 2443 1573 2471 nunc

844 2478 987 2526 Baden,
1019 2480 1302 2519 celebrarentur
1328 2485 1573 2530 commercia,

841 2541 957 2584 atque
987 2533 1061 2572 hac
1085 2535 1158 2573 iter
1172 2542 1266 2573 esset
1292 2535 1333 2573 in
1364 2537 1573 2586 Helvetios,

842 2588 1039 2638 praecipua
1068 2588 1123 2625 ibi
1152 2589 1228 2627 fuit
1248 2589 1434 2628 Mercurii
1463 2605 1572 2630 vene-

842 2641 940 2680 ratio
959 2643 998 2679 in
1026 2642 1154 2680 monte
1173 2642 1341 2694 lucoque
1360 2657 1480 2696 prope
1497 2646 1574 2684 Ba-

841 2695 923 2733 den.
978 2695 1107 2740 Quem
1129 2696 1260 2734 Iocum
1279 2697 1370 2747 cum
1393 2697 1572 2746 adissem,

842 2755 886 2786 ut
907 2749 962 2786 ibi
991 2750 1177 2788 Mercurii
1200 2759 1489 2790 monumentum
1516 2754 1573 2790 in·

839 2802 1037 2853 spicerem,
1054 2804 1175 2853 reperi
1202 2806 1364 2842 voterem
1388 2805 1571 2857 lapidem,

840 2869 954 2907 quem
990 2858 1162 2895 votivum
1203 2857 1316 2896 fuisse
1360 2867 1469 2909 puto,
1505 2860 1571 2898 cui

841 2910 947 2948 rudis
975 2911 1099 2961 imago
1134 2911 1323 2950 Mercurii
1351 2913 1569 2964 insculpta;

842 2964 1099 3015 undequaque
1121 2964 1310 3016 longeque
1340 2967 1488 3018 disjecti
1516 2968 1573 3006 in-
