1768 3236
380 201 459 240 An
489 197 787 239 DIALOGUM
817 197 892 236 DE
920 195 1287 236 onAromBL‘S.
1370 164 1379 177 ’
1501 191 1579 234 631

115 304 214 348 Non
226 303 355 347 solam
374 302 507 346 eodem
530 317 653 343 anno,
714 299 830 342 Bene
859 298 998 341 MSS.
1018 297 1156 340 Vatic.
1189 306 1230 339 et
1261 295 1455 339 editiones
1476 306 1586 339 vete·-

55 388 134 423 reS.
194 377 349 422 Postea
381 377 593 425 omissum,
625 374 772 417 eodem.
831 372 952 415 Unde
981 372 1089 414 male
1118 371 1375 428 conjiciebat,
1396 371 1583 414 Pithoeus

55 454 367 504 emendandum,
386 467 467 494 non
481 450 608 493 solum
623 464 703 506 quo
722 463 809 500 nos,
827 448 898 491 sed
900 445 999 506 fere>
1019 445 1152 488 eodem
1170 445 1250 488 die.

112 603 235 646 CAP.
260 609 326 649 17.
357 600 539 658 Septimo
566 598 665 641 Ῑᾱήε
691 597 940 641 Decembris.
998 597 1040 640 A
1062 597 1198 640 MSS.
1218 604 1260 638 et
1281 595 1482 638 veteribus
1501 593 1586 639 edi-

57 679 238 722 tionibus
259 679 411 728 aberat,
433 674 683 717 Decembris.
725 672 841 715 Bene
856 681 898 714 et
920 689 969 715 ex
987 672 1159 727 historia
1177 669 1383 727 supplevit
1402 669 1585 724 Lipsius.

118 751 198 795 Sex
231 759 270 794 et
317 749 618 808 quinquaginta
656 762 795 789 annos.
858 747 973 788 Bene
1019 746 1225 789 Muretus.
1285 744 1405 787 Male
1446 744 1582 787 MSS.

58 826 194 870 Vatic.
212 840 355 868 novem
374 831 413 866 et
432 822 734 881 quinquaginta
752 837 892 864 annos.
934 821 1144 863 Editiones
1164 829 1332 877 veteres,
1356 828 1463 861 VIII
1479 825 1516 860 ec
1534 827 1582 859 L.

54 915 198 943 annos.

118 973 278 1016 Vitellii
298 987 422 1014 unum
443 986 611 1013 annum.
669 969 863 1012 Muretus
882 969 1060 1021 delebat,
1078 983 1219 1011 unum.

119 1048 294 1090 Centum
313 1056 350 1089 et
366 1046 515 1103 viginti
534 1045 648 1087 anni.
711 1045 826 1087 Bene
848 1045 951 1087 MS.
970 1043 1104 1093 [atie.
1130 1047 1253 1086 1518.
1282 1041 1349 1084 Ita
1366 1050 1408 1084 et
1428 1042 1585 1086 Puteo-

57 1123 186 1166 lanus.
246 1106 470 1177 perperam
502 1119 640 1162 MSS.
660 1119 794 1162 vatic.
821 1119 927 1162 1362
953 1126 994 1160 et
1013 1123 1141 1166 4498.
1173 1124 1220 1159 ut
1249 1124 1291 1159 et
1319 1116 1444 1158 editio
1474 1116 1587 1172 prin-

57 1212 170 1253 cepe,
191 1202 350 1238 centum
369 1202 407 1237 et
426 1194 560 1237 decem
574 1193 690 1236 anni.
1544 1193 1557 1200 '

118 1270 179 1324 Ei
189 1285 355 1328 pugnae.
415 1269 533 1311 Bene
554 1267 755 1320 Pithoeus,
772 1265 980 1325 Muretus,
998 1274 1041 1308 et
1058 1265 1182 1308 editio
1203 1264 1450 1308 Oxoniensis
1463 1280 1586 1322 supra

58 1344 238 1388 laudata.
296 1342 521 1398 Perperam
538 1342 581 1385 in
600 1341 792 1384 omnibus
807 1340 946 1383 Taciti
964 1340 1224 1391 editionibus,
1244 1347 1281 1382 et
1294 1354 1460 1398 pugnae.
1528 1373 1531 1377 .

119 1417 320 1460 Proximo
354 1417 517 1474 quidem
564 1416 791 1474 congiario.
852 1414 992 1456 Nemo
1028 1413 1196 1456 miretur
1233 1413 1408 1469 priscam
1448 1429 1586 1456 rerum

59 1491 302 1536 memoriam
338 1491 387 1532 ad
419 1490 626 1547 congiaria
657 1487 812 1541 referri,
849 1488 943 1530 cum
978 1488 1043 1530 vix
1081 1487 1301 1544 quidquam
1334 1487 1376 1529 in
1410 1486 1586 1543 imperio

62 1566 253 1609 Romano
285 1565 333 1607 iis
371 1565 494 1608 fuerit
523 1563 734 1607 illustrius.
784 1562 881 1605 Hie
911 1563 1028 1619 ergo,
1057 1562 1127 1604 ubi
1162 1577 1205 1604 se
1238 1562 1310 1603 dat
1345 1561 1511 1604 occasio
1544 1570 1587 1604 et

60 1639 359 1697 opportunitas,
393 1646 690 1694 argumentum,
722 1637 762 1679 in
792 1636 961 1678 historia
992 1636 1261 1692 praecipuum,
1293 1636 1421 1678 ferme
1451 1644 1588 1678 tamen

60 1715 315 1766 intentatum,
329 1722 499 1756 tractare
517 1727 651 1769 operae
668 1710 843 1767 pretium
862 1718 936 1753 est.

380 2029 474 2074 DE
507 2026 908 2073 CONGIARIIS
940 2026 1262 2071 ROMANIS.

120 2239 236 2284 Cum
257 2241 389 2283 adhuc
410 2238 644 2283 tenuissima
662 2239 769 2281 foret
787 2252 849 2280 res
869 2237 1072 2290 Romana,
1093 2237 1248 2293 congiis
1266 2238 1473 2293 frumenti,
1491 2239 1587 2292 vini,

61 2314 157 2368 olei,
174 2315 425 2372 aliarumque
445 2314 486 2356 id
514 2329 640 2370 genus
660 2326 808 2363 rerum,
829 2327 919 2368 qnae
946 2311 1105 2367 populo
1134 2311 1430 2366 dividebantur,
1450 2313 1588 2370 publi-

63 2402 156 2431 cam
182 2389 354 2444 gratiam
383 2403 497 2443 reges
518 2387 725 2444 quaesiere,
744 2401 976 2442 nomenque
996 2388 1129 2428 fecere
1158 2386 1387 2442 congiariis.
1445 2388 1591 2431 Ancus

64 2462 254 2506 Marcius
271 2478 341 2504 rex
361 2462 544 2504 instituto
562 2460 832 2502 saluberrimo
851 2475 959 2514 usus·
971 2469 1046 2513 est,
1066 2468 1113 2502 ut
1130 2459 1288 2502 tributis
1307 2461 1588 2505 auctoritatem

65 2536 322 2580 conciliaret:
366 2545 504 2592 atque,
542 2534 638 2576 cum
674 2533 820 2575 salinas
858 2533 1098 2585 institueret,
1142 2536 1172 2558 “
1191 2532 1283 2575 salis
1320 2535 1481 2578 modios
1519 2551 1590 2578 sex

61 2610 177 2653 mille
194 2610 237 2653 in
252 2609 458 2665 congiario
477 2607 588 2650 dedit
606 2606 804 2664 populo,''
824 2606 932 2649 Plin.
954 2620 1101 2648 xxxt.
1117 2612 1158 2653 7.

122 2684 309 2728 Publicae
336 2683 484 2726 laetitiae
514 2697 608 2738 pars
634 2680 811 2723 maxima
842 2695 1002 2736 semper
1020 2681 1132 2723 fuere
1152 2680 1368 2737 congiaria.
1428 2682 1482 2725 L.
1503 2683 1592 2726 Lu-

64 2758 211 2811 cullus,
255 2762 282 2783 “
302 2758 397 2800 cum
434 2756 554 2798 rediit
590 2771 638 2796 ex
675 2754 778 2797 Asia
816 2754 943 2796 millia
980 2754 1127 2796 cadum
1143 2754 1167 2772 ''
1203 2755 1283 2797 vini
1317 2756 1470 2807 Graeei,
1507 2762 1534 2783 ‘⁴
1549 2759 1590 2801 in

62 2831 316 2887 congiarium
362 2830 496 2872 divisit
540 2828 715 2885 amplius
754 2828 959 2878 centum,''
997 2827 1108 2873 Pliu.
1149 2843 1250 2870 xiv·
1295 2835 1358 2886 1¹4.
1396 2830 1594 2874 Veterem

62 2920 223 2948 morem
242 2913 405 2949 secutus
427 2902 564 2948 Julius
591 2902 742 2956 Caesar,
763 2902 949 2955 dictator,
978 2901 1172 2958 triumphi
1193 2901 1255 2944 sui
1274 2903 1394 2946 coena
1414 2903 1590 2960 singulas
