1768 3236
206 196 282 232 132
539 184 542 187 ’
698 189 744 227 C.
769 186 1037 241 CORNELII
1065 185 1249 225 TACITI

204 290 563 360 conjunctissimi
596 293 820 360 cujusque
856 291 1012 356 pietas.
1081 291 1135 338 Id
1170 289 1277 338 filiae
1304 305 1494 354 quoque
1521 286 1754 365 uxorique

202 372 522 439 praeceperim,
557 371 621 421 sic
662 371 820 437 patris,
850 370 913 419 sic
944 368 1093 419 mariti
1129 367 1403 416 memoriam
1438 365 1664 426 venerari,
1699 365 1754 435 ιιι

203 450 359 500 οιιιιιί3
380 448 500 498 facta
525 449 738 538 dictaque
762 450 859 514 ejus
892 464 1052 496 secum
1085 444 1342 504 revolvant,
1363 442 1670 510 famamque¹
1697 460 1751 518 aq

202 530 405 595 figuram
434 527 573 575 animi
606 527 766 593 magis,
809 525 952 596 quam
975 523 1201 594 corporis,
1224 522 1620 587 complectantur·
1654 537 1753 598 riou

204 606 313 673 quia
341 605 724 654 intercedendum
757 614 918 668 putem
952 602 1244 667 imaginibUS,
1268 618 1378 666 quae
1398 610 1648 660 marmore,
1674 587 1755 666 aut

203 701 298 733 aere
332 684 603 749 finguntur:
640 683 722 731 sed
745 693 796 730 ut
818 681 974 729 vultus
1008 679 1270 738 hominum,
1294 679 1354 726 ita
1375 677 1633 727 simulacra
1653 671 1755 755 vul-

203 762 284 811 tus
305 761 534 809 imbecilla
555 778 607 809 ac
631 759 841 807 mortalia
862 769 987 817 sunt,
1010 756 1162 805 forma
1184 756 1350 804 mentis
1373 767 1574 804 aeterna.
1611 772 1754 821 quam

183 827 361 888 ‘tenere
378 850 423 887 et
441 838 702 902 exprimere
724 854 820 887 non
837 850 921 901 per
943 826 1138 884 alienam
1161 834 1398 883 materiam
1421 845 1467 883 et
1489 845 1653 921 artem,
1670 833 1754 882 sed

205 917 295 966 tuis
317 917 413 981 ipse
436 917 646 964 moribus
667 915 826 980 possis.
887 914 1131 979 Quidquid
1154 931 1215 962 ex
1239 910 1465 978 Agricola
1481 908 1754 1001 amavimus,

205 995 433 1060 quidquid
456 994 604 1043 mirati
627 1011 804 1053 sumus,
827 1005 1001 1052 manet,
1023 1003 1387 1055 mansurumque
1421 1000 1489 1038 est
1517 989 1567 1038 in
1592 987 1755 1039 animis

204 1073 468 1132 hominum,
513 1071 561 1120 in
606 1072 857 1121 aeternitate
902 1083 1185 1136 temporum,
1221 1067 1347 1117 fama
1385 1083 1559 1116 rerum.
1626 1066 1755 1123 Nam,

204 1151 378 1200 multos
395 1161 622 1210 veterum,
641 1150 767 1199 velut
789 1149 1028 1216 inglorios,
1047 1160 1093 1197 et
1108 1147 1351 1213 ignobiles,
1365 1143 1536 1194 oblivio
1553 1141 1757 1207 obruet3'

204 1228 445 1296 Agricola,
468 1225 717 1294 posteritati
739 1240 948 1277 narratus
971 1238 1018 1277 et
1038 1226 1248 1285 traditus,
1279 1235 1510 1290 superstes
1533 1222 1655 1278 erit,²

209 1430 523 1468 mmdccoramus.
551 1430 586 1466 V
592 1429 651 1467 ide
663 1431 946 1469 notmtemend.
975 1434 977 1436 ’
1016 1432 1203 1480 superstes
1234 1428 1306 1466 erit
1338 1426 1522 1477 Agricola
1533 1442 1545 1472 ;
1571 1427 1636 1465 sed
1671 1427 1754 1478 eius

208 1486 256 1521 ad
277 1497 364 1537 cap.
384 1482 449 1522 46.
1022 1484 1098 1521 vita
1152 1481 1477 1520 absolutissimum
1522 1481 1756 1522 laudationis

1020 1537 1218 1588 exemplar
1251 1548 1398 1586 semper
1431 1535 1648 1574 habebitur.
1707 1537 1757 1575 ld

264 1589 277 1606 ¹
312 1590 544 1640 Famamque.
601 1589 740 1629 Mallet
772 1591 949 1629 Muretus
1019 1605 1155 1637 unum,
1180 1591 1228 1628 ad
1247 1589 1558 1640 amplificandam
1584 1598 1624 1629 et
1649 1589 1757 1642 apud

195 1644 379 1697 formam.
427 1644 546 1689 Quod
565 1647 845 1695 quoque-nobis
865 1645 949 1696 plu·
1019 1659 1084 1683 nos
1109 1645 1363 1682 aeternandam
1390 1643 1582 1694 Agricolae
1598 1643 1755 1692 famam,

210 1698 351 1736 rituum
370 1698 510 1751 placet.
539 1697 638 1742 Quis
656 1701 756 1737 enim
776 1699 949 1751 feratfa-
1018 1699 1241 1750 optaverim,
1270 1704 1313 1736 ut
1330 1698 1408 1735 vita
1433 1697 1529 1744 haec,
1557 1710 1675 1748 quam
1706 1698 1757 1737 ll,

210 1766 306 1789 mam
321 1753 809 1803 a1zi121i—comple‹·tm11‘111‘?
830 1754 950 1791 maxi-
1019 1754 1265 1791 lustrissimus
1312 1751 1605 1790 Nivernensium
1657 1753 1757 1792 Dux-

211 1820 273 1843 me
294 1806 383 1843 cum
405 1806 1178 1859 n10xscquatur‚j0rn1amen-Gallico
1203 1819 1372 1844 sermone
1400 1805 1578 1851 reddidit,
1605 1805 1756 1857 publici

134 1892 145 1908 ,
211 1860 262 1897 iis
292 1863 457 1897 cetdna:
489 1866 526 1896 et
554 1860 679 1898 msia
671 1874 717 1898 ιιι
732 1862 883 1913 Dialog.
903 1862 949 1899 de
1015 1862 1113 1912 julis
1143 1861 1232 1898 fiat:
1262 1861 1359 1898 miro
1386 1868 1470 1898 tum
1501 1859 1687 1900 virtutum
1716 1866 1758 1900 et

211 1914 455 1958 Oratoribus,
494 1926 580 1964 cap.
612 1921 645 1952 1.
675 1915 760 1952 dam
780 1916 949 1968 sbrmam
1019 1916 1215 1953 literarum
1232 1914 1438 1952 certamine
1454 1912 1540 1964 quis
1555 1926 1689 1953 eorum
1705 1915 1756 1954 sit

212 1968 271 2004 sui
291 1967 441 2018 quisque
459 1973 496 2005 ct
515 1967 628 2005 animi
645 1974 681 2005 ct
711 1969 852 2020 ingemi
869 1970 951 2008 r-ecl
1022 1969 1227 2014 maximus,
1255 1968 1335 2006 isne
1362 1968 1429 2019 qui
1456 1969 1512 2005 ita
1528 1965 1678 2015 vixerit,
1701 1971 1768 2007 an'

213 2022 332 2058 (leret.
385 2021 534 2058 Famam
566 2029 690 2061 tamen
719 2025 878 2062 retintre
894 2025 950 2062 iu-
1016 2026 1087 2075 qui
1107 2024 1161 2062 ita
1177 2023 1381 2073 scripserit,
1409 2034 1458 2061 an
1483 2021 1622 2074 quiitn
1638 2021 1759 2065 fuerit

215 2082 392 2121 terpretes
411 2074 580 2125 plurimi.
910 2094 919 2114 ι
1021 2078 1300 2130 immpretatus.

267 2126 285 2144 ²
325 2128 521 2181 Superstes
564 2129 652 2170 erit.
698 2125 789 2172 Non
832 2129 946 2168 moda)
977 2133 982 2180 ξ
