1800 3236
704 178 1023 219 GERMANIA.
1579 188 1631 223 23

67 283 403 338 ‚nec-cohibere
423 280 671 350 parietibus
703 283 854 343 Deos,
883 300 1036 348 neque
1064 281 1115 330 in
1148 282 1292 331 ullam
1321 283 1512 334 humani
1535 285 1629 336 oris

65 363 277 430 ,speciem
291 362 583 421 adsimulare,
600 379 662 411 ex
683 362 1000 428 magnitudine
1021 360 1281 411 coelestium
1297 363 1601 413 arbitrantur:
1613 366 1627 387 ¹

63 443 218 507 lucos.
257 459 331 491 ac.
367 457 559 489 nemora
577 443 593 462 ²

649 452 938 499 consecrant,
996 441 1307 504 Deorumque
1362 440 1626 491 nominibus

70 519 309 586 appellant
323 530 554 569 secretum
575 518 726 578 illud,³
751 518 880 583 quod
903 515 1003 566 sola
1025 515 1283 566 reverentia
1305 516 1479 566 vident.

75 620 123 628 .,,.

139 682 223 724 Ἰο.
258 677 538 734 ΑυεΡιοιΑ,
574 685 832 740 sortesque,
872 684 924 722 ut
965 673 1047 738 qui
1081 672 1305 732 maxime,
1345 674 1628 729 observant.⁴

73 753 282 804 Sortium
320 753 606 802 consuetudo
643 752 870 816 simplex:
920 750 1122 817 virgam,
1141 755 1156 780 ⁵
1187 750 1426 816 frugiferae
1471 752 1625 800 arbori

0 875 3 878 .
73 829 293 890 decisam,
331 830 382 878 in
419 830 632 880 surculos
665 839 922 894 amputant,
957 846 1149 894 eosque,
1189 828 1309 877 notis
1347 829 1625 893 quibusdam

74 906 314 967 discretos,
348 918 489 973 super
525 907 768 956 candidam
790 919 966 956 vestem
1002 906 1179 956 temere
1203 923 1254 955 ac
1279 904 1475 956 fortuito
1498 924 1626 972 spar-

72 996 221 1051 gunt:
258 1002 390 1045 mox,
424 986 462 1034 si
499 986 685 1051 publice
720 982 1025 1045 consuletur,⁶
1060 985 1274 1034 sacerdos
1308 984 1515 1045 civitatis,
1553 985 1625 1034 sin

61 1063 304 1128 privatim,
349 1063 446 1129 ipse
490 1063 844 1130 paterfamiliae,⁷

133 1197 145 1215 ¹
176 1197 445 1238 Arbitrantur.
476 1200 610 1238 Postea
624 1213 699 1238 non
715 1201 814 1239 arbi-

61 1249 167 1291 *trati
207 1261 310 1300 sunt,
342 1254 562 1304 templaque
597 1262 635 1292 et
667 1262 814 1293 statuas

59 1303 170 1348 ·Deis
207 1307 290 1348 suis
327 1320 502 1358 posuere.
572 1309 616 1346 In
651 1322 811 1347 nummo

77 1360 265 1407 Postumi,
295 1374 418 1422 quem·
442 1362 657 1412 publicavit
685 1364 812 1402 erudi-

63 1418 138 1452 'tus
156 1414 380 1462 Sirmondus
407 1415 446 1452 in
469 1424 547 1454 not.
566 1418 614 1454 ad
636 1417 810 1469 Apollin.

60 1468 210 1509 .Sid0n
232 1481 346 1507 v111.
378 1475 440 1507 ll.
480 1470 608 1508 videre
633 1479 690 1509 est
718 1480 810 1510 tem·

73 1520 198 1573 plum,
217 1523 256 1560 in
275 1524 389 1573 cujus
407 1524 595 1562 vestibulo
614 1532 689 1563 stat
715 1526 811 1564 Her-

74 1577 194 1622 cules,
239 1587 335 1615 cum·
373 1578 578 1629 epigraphe
627 1580 808 1618 HERC.

77 1630 528 1671 DEVSONIENSI.
559 1633 603 1670 Id
621 1640 689 1680 est,
706 1633 810 1671 Her·
852 1670 858 1673 A

60 1685 422 1732 ,culi·Deu.soniensi‚
429 1686 496 1736 qui
512 1687 700 1734 Deusene,
707 1694 810 1726 trans

75 1737 268 1785 Rhenum,
299 1739 511 1778 colebatur.
568 1740 692 1778 Immo
720 1746 810 1779 tem-

66 1791 173 1843 plum
211 1792 391 1844 Tanfanoe
424 1802 658 1832 memoratur
691 1808 809 1846 supra

62 1846 216 1891 JAnnal.
235 1859 264 1884 1.
284 1850 348 1885 51.
389 1848 489 1885 Vide
514 1848 613 1886 infra
635 1862 723 1901 cap.
740 1853 807 1888 44.

75 1900 116 1937 in
135 1907 214 1938 not.
233 1901 420 1951 templum
443 1902 644 1940 Suionum.

127 1951 146 1969 ²
165 1954 287 1993 Lucos
304 1969 348 1992 ac
363 1968 524 1994 nemora.
544 1956 635 2007 Sylv
637 1970 697 1995 am
713 1958 810 1995 Her·

74 2007 154 2046 culi
171 2021 317 2046 sacram
345 2009 510 2047 vidimus
530 2023 647 2060 supra
664 2012 807 2049 Annal.

75 2073 126 2099 11.
146 2066 207 2100 12.
228 2063 379 2100 Lucum
393 2063 652 2108 Baduhennae,
666 2065 807 2103 Annal.

59 2127 149 2154 ·1v.=
167 2119 233 2159 73.
263 2129 396 2154 nemus
426 2115 592 2164 sacrum,
619 2119 721 2157 Hist.
746 2132 806 2157 lv.

60 2173 143 2207 14.
176 2170 321 2220 Sylvas‚
348 2171 528 2221 religione
562 2185 718 2218 vacuas,
744 2187 811 2210 vo-

64 2222 810 2275 -luptatiqueredditasgratulaturClau-

74 2277 225 2325 dianus,
253 2279 302 2315 de
329 2278 512 2317 laudibus
540 2279 748 2328 Stiliconis,
778 2294 808 2320 1.

79 2436 118 2463 Ut
125 2438 238 2470 procul
251 2439 412 2472 Hercynioe
423 2448 481 2474 per
491 2444 578 2481 vasta
586 2443 710 2469 silentia
721 2444 807 2475 sylva

77 2476 191 2501 Venari
204 2479 271 2504 tuta
282 2479 381 2511 liceat,
391 2481 531 2513 lucosque
541 2482 656 2508 vetusta

73 2515 241 2547 Retcigione
252 2520 359 2546 truces.
370 2522 399 2544 et
409 2520 519 2546 robora
532 2522 670 2546 numinis
681 2522 783 2546 instar

72 2554 249 2588 Barbara-i,
260 2559 498 2591 nostre-feriant
507 2558 632 2594 impune
643 2567 766 2587 secures.

125 2644 142 2668 ³
171 2648 364 2688 Secretum
391 2651 501 2689 illud.
546 2652 607 2689 De
635 2666 713 2702 quo
741 2654 804 2691 Se-

72 2713 180 2747 neca,
200 2703 274 2754 Ep.
295 2716 388 2742 xu.
411 2705 456 2742 Si
474 2705 544 2742 tibi
560 2707 727 2744 occurrit
744 2720 806 2745 τε·

70 2756 185 2793 tustis
209 2757 416 2803 arboribus,
436 2764 473 2796 et
496 2759 646 2796 solitam
673 2755 804 2798 altitu-

71 2808 192 2847 dinem
219 2812 391 2861 egroesis,
408 2811 597 2863 frequens
619 2813 739 2860 luens,
766 2820 804 2852 et

70 2870 304 2913 conspectum
345 2866 425 2903 coeli
459 2866 644 2905 densitate
686 2881 805 2906 ramo-

70 2927 155 2954 rum
199 2918 357 2956 aliorum
391 2919 486 2957 alios
524 2923 803 2972 protegentium

72 2970 308 3018 submovens5
344 2972 415 3012 illa
438 2975 650 3024 proceritas
678 2976 806 3027 syhoe,

891 1076 1105 1130 precatus
1160 1065 1309 1123 Deos,
1354 1064 1623 1130 coelumque

889 1206 926 1238 et
943 1205 1125 1239 secretum
1144 1199 1230 1246 loci,
1260 1204 1297 1236 et
1324 1197 1526 1237 admiratio
1547 1213 1623 1237 um-

889 1255 976 1301 broe,
1006 1255 1045 1292 in
1080 1260 1212 1305 aperto
1248 1259 1323 1290 tam
1356 1254 1477 1291 densae
1510 1259 1623 1304 atque

889 1309 1086 1355 continuae,
1099 1309 1221 1358 fidem
1240 1307 1308 1344 tibi
1325 1307 1485 1346 numinis
1498 1307 1623 1359 facit.

889 1362 1061 1400 Breviter
1099 1362 1257 1406 Plinius,
1295 1373 1377 1399 xn.
1418 1367 1453 1398 1.
1499 1361 1621 1399 Lucos

886 1421 999 1467 atque
1016 1416 1055 1454 in
1075 1415 1122 1453 iis
1139 1416 1291 1454 silentia
1311 1415 1392 1465 ipsa
1410 1415 1622 1454 adoramus.

939 1468 959 1491 ⁴
995 1470 1217 1509 observant.
1248 1470 1292 1507 ld
1312 1469 1483 1507 barbaris
1501 1470 1624 1507 omni-

886 1524 958 1562 bus
977 1524 1185 1570 familiare3
1214 1523 1370 1574 quibus,
1397 1523 1477 1573 quo
1497 1523 1623 1562 minor

885 1578 1102 1628 prudentia,
1120 1577 1166 1616 eo
1186 1579 1310 1627 major
1326 1577 1557 1627 superstitio.

938 1630 951 1651 ⁵
1014 1633 1050 1670 V
1049 1632 1181 1683 irgam.
1239 1632 1427 1682 Praesagas
1462 1644 1622 1682 quoque

884 1685 1004 1737 virgas
1021 1687 1127 1736 apud
1148 1685 1310 1737 Scythas
1334 1694 1520 1723 memorat
1542 1686 1621 1723 He·

885 1741 1056 1786 rodotus,
1074 1752 1132 1777 1v.
1149 1737 1215 1783 67.
1234 1753 1272 1790 p.
1289 1743 1382 1779 242.
1399 1739 1505 1790 apud
1524 1739 1620 1778 Ala-

884 1796 950 1832 nos
964 1794 1194 1831 Ammianus
1210 1793 1477 1839 Marcellinus,
1489 1805 1621 1832 xxxt-

886 1852 923 1887 2.
956 1848 1237 1886 Germanorum
1269 1847 1541 1885 divinationem
1574 1847 1621 1886 il-

884 1900 1021 1940 lustrat
1050 1902 1316 1952 Rugianorum
1335 1914 1439 1947 usus,
1475 1901 1522 1939 de
1540 1915 1620 1952 quo

886 1956 989 1993 Saxo
1015 1956 1317 2000 Grammaticus,
1338 1955 1519 1993 Historiae
1539 1957 1620 1994 Da-

885 2009 981 2048 nicae
1010 2010 1094 2049 Lib.
1115 2022 1208 2047 xlv.
1236 2022 1275 2059 p.
1300 2013 1393 2048 288.
1437 2010 1618 2060 Rugiani‚
1647 2040 1650 2041 γ

886 2063 1052 2102 Balthici
1073 2063 1186 2101 maris
1201 2063 1359 2108 accolae,
1380 2063 1500 2101 tribus
1522 2064 1619 2116 ligni

878 2118 1095 2178 particulis,
1107 2123 1223 2168 parte
1237 2116 1362 2155 altera
1375 2117 1483 2162 albis,
1493 2119 1619 2157 altera

883 2172 1019 2222 nigris,
1055 2171 1093 2209 in
1126 2171 1310 2222 gremium
1341 2166 1500 2209 sortium
1537 2173 1618 2212 loco

883 2225 1075 2277 conjectis,
1092 2225 1261 2263 candidis
1275 2238 1471 2276 prospera,
1480 2226 1618 2278 furtis
1691 2267 1693 2273 A

883 2280 1043 2317 adversa
1068 2279 1283 2330 signabant.
1340 2279 1487 2317 Sortem
1507 2280 1617 2319 illam

883 2341 922 2372 et
948 2333 1136 2379 surculos,
1155 2345 1251 2382 quos
1282 2338 1384 2370 tenos
1414 2335 1616 2380 vocabant,

883 2393 1066 2424 memorat
1085 2387 1145 2424 lex
1167 2387 1196 2423 F
1198 2386 1395 2432 r'ssionum,
1422 2387 1500 2425 Tit.
1519 2401 1614 2427 xlv.

853 2447 857 2452 “
883 2440 953 2491 leg.
977 2446 1013 2479 1.
1042 2439 1134 2478 Alia
1150 2440 1279 2477 adhuc
1296 2447 1334 2477 et
1350 2439 1616 2490 antiquissima

882 2494 999 2544 hujus
1044 2493 1288 2531 divinationis
1333 2494 1491 2544 vestigia
1530 2497 1616 2535 vide

881 2548 985 2599 apud
1001 2547 1255 2592 Ezechielem,
1269 2559 1366 2585 xxx.
1379 2552 1426 2585 21
1438 2557 1492 2586 ,et
1502 2549 1613 2590 Osee.

882 2614 941 2640 xv,
964 2605 1027 2639 13.

932 2650 950 2672 ⁶
980 2655 1217 2693 consuletur.
1248 2655 1404 2701 Melius,
1420 2655 1455 2693 si
1467 2658 1614 2707 publice*

881 2709 1129 2755 consultatur,
1143 2717 1186 2746 ut
1198 2709 1347 2747 volebat
1364 2710 1557 2749 Muretus.

935 2759 953 2784 ⁷
984 2761 1268 2814 Paterfamilias.
1313 2763 1442 2801 Etiam
1476 2772 1615 2804 matres

883 2816 1048 2854 familias
1060 2815 1332 2854 consultavisse
1345 2825 1451 2868 patet
1465 2832 1514 2856 ex
1526 2819 1614 2857 loco

883 2870 1057 2917 Caesaris,
1084 2869 1181 2908 Bell.
1206 2870 1315 2910 Gall.
1344 2883 1374 2910 1.
1404 2874 1468 2912 50.
1496 2885 1612 2924 quem

881 2924 995 2963 attuli
1017 2937 1135 2975 supra
1153 2936 1240 2975 cap.
1260 2929 1300 2964 8ι
