1768 3236
656 162 960 205 AGRICOL'A.
1536 173 1591 215 99

4 277 10 284 ⁴
43 262 334 333 discernunt)
358 282 562 322 sumsere
580 267 778 323 universi
793 268 1003 317 bellum:
1026 283 1079 317 ac
1102 283 1282 333 sparsos
1301 285 1386 336 per
1406 271 1592 321 castella

38 352 203 404 milites
229 346 504 406 consectati,
548 346 822 412 expugnatis
862 346 1100 411 praesidiis,
1133 347 1278 411 ipsam
1323 348 1593 398 coloniam¹

41 424 264 486 invasere,
287 436 339 474 ut
361 424 519 472 sedem
540 424 799 472 servitutis:
831 440 918 473 nec
941 424 1125 472 ullum
1112 441 1162 472 ιιι
1178 415 1381 474 bearis
1403 427 1593 476 saevitiae

44 522 209 574 genus
233 502 383 551 omisit
404 501 472 549 ira
491 512 539 549 et
579 501 782 550 victoria.
854 502 1003 565 Quod
1025 502 1110 550 nisi
1131 502 1386 561 Paullinus,
1409 504 1596 569 cognito

46 581 294 651 provinciae
312 590 461 637 motu,
478 578 675 642 propere
694 579 995 638 subvenisset,
1007 578 1172 627 amissa
1193 578 1428 641 Britannia
1439 578 1594 630 foret.

9 718 21 722 ,
47 676 189 730 quam
211 657 346 706 unius
381 655 525 720 praelii
549 653 735 703 fortuna
756 655 899 703 veteri
922 655 1149 719 patientiae
1172 656 1383 715 restituit,
1405 657 1597 705 tenenti-

48 739 138 786 bus
153 751 283 784 arma
298 729 548 797 plerisque,
587 749 704 796 quos
739 732 1015 780 conscientia
1036 731 1319 792 defectionis,
1343 744 1388 780 et
1404 727 1600 798 propius

51 832 114 863 ex
137 813 288 878 legato
310 810 448 858 timor
485 808 695 874 agitabat.
763 808 854 856 Hic
885 825 1000 857 cum
1039 808 1252 875 egregius
1287 820 1453 869 cetera,
1476 827 1602 858 arro-

0 906 7 917 ²
53 901 216 957 ganter
237 889 286 936 in
308 885 503 945 deditos,
538 897 601 944 et,
637 897 688 932 ut
726 902 823 934 suae
846 880 1032 950 quoque
1066 886 1243 952 injuriae
1272 887 1412 945 ultor,
1436 888 1602 942 durius

0 1003 4 1006 -
55 966 316 1016 consuleret
335 984 351 1023 ;
373 963 537 1011 missus
559 962 803 1011 Petronius
819 963 1134 1027 Turpilianus,
1152 967 1168 986 ²
1186 975 1421 1028 tamquam
1438 981 1600 1014 exora-

55 1043 192 1092 bilior
211 1061 225 1091 :
249 1053 294 1090 et
326 1040 500 1088 delictis
524 1039 726 1088 hostium
761 1057 928 1100 novus,
949 1041 1101 1106 eoque
1130 1041 1409 1106 poenitentiae
1431 1041 1603 1101 mitior,

58 1118 321 1184 compositis
343 1117 590 1182 prioribus,
612 1116 725 1164 nihil
749 1118 870 1165 ultra
890 1134 1044 1177 ausus,
1079 1117 1314 1167 Trebellio
1350 1119 1563 1167 Maximo
1586 1122 1600 1146 ³

0 1201 13 1211 ‘
58 1192 340 1262 provinciam
362 1195 560 1243 tradidit.
628 1193 888 1244 Trebellius
909 1195 1094 1261 segnior
1115 1207 1160 1244 et
1178 1195 1317 1244 nullis
1347 1207 1604 1244 castrorum

59 1273 401 1338 experimentis,
446 1273 660 1322 comitate
697 1272 899 1338 quadam
927 1274 1116 1322 curandi
1139 1272 1418 1338 provinciam
1441 1273 1603 1323 tenuit.

61 1344 279 1400 Didicere
296 1353 393 1416 jam
421 1350 603 1398 barbari
627 1367 813 1415 quoque
833 1350 1072 1416 ignoscere
1094 1351 1210 1399 vitiis
1232 1350 1567 1399 blandientibus
1587 1368 1602 1399 z

61 1439 108 1477 et
144 1428 427 1476 interventus
464 1427 665 1476 civilium
707 1444 945 1489 armorum
983 1428 1179 1493 praebuit
1195 1430 1365 1494 justam
1399 1427 1606 1493 segnitiae

63 1504 435 1554 excusationem:
494 1506 576 1554 sed
624 1503 851 1553 discordia
917 1507 1202 1565 laboratum,
1231 1522 1347 1554 cum
1364 1505 1607 1554 adsuetus

67 1581 432 1650 expeditionibus
478 1581 609 1630 miles
650 1582 746 1630 otio
779 1582 1015 1632 lasciviret.
1083 1583 1360 1641 Trebellius,
1398 1581 1513 1648 fuga
1551 1598 1605 1630 ac

67 1659 252 1707 latebris
273 1658 410 1707 vitata
433 1658 711 1707 exercitus
698 1675 784 1718 ira,
811 1660 1055 1709 indecorus
1076 1672 1212 1725 atque
1234 1658 1436 1717 humilis,
1453 1675 1608 1722 preca-

66 1735 140 1784 rio
174 1752 288 1784 mox
308 1734 494 1800 praefuit
514 1727 533 1783 ι’
552 1752 605 1783 ac
627 1735 754 1783 velut
775 1737 910 1800 pacti,
932 1740 952 1766 ⁴
973 1737 1201 1786 exercitus
1240 1735 1484 1794 licentiam,
1508 1736 1607 1783 dux

68 1813 295 1860 salutem:
337 1813 437 1861 haec
482 1812 641 1861 seditio
687 1812 783 1860 sine
823 1813 1044 1879 sanguine
1087 1813 1221 1862 stetit.
1288 1814 1392 1861 Nec
1428 1812 1609 1861 Vettius

0 1912 2 1914 ’
71 1889 293 1948 Bolanus,
331 1890 620 1950 manentibus
641 1890 792 1938 adhuc
816 1891 1031 1962 civilibus
1042 1892 1191 1950 bellis,
1223 1889 1406 1956 agitavit
1427 1889 1608 1937 Britan-

74 1965 197 2015 niam
219 1966 468 2031 disciplina.
537 1967 748 2015 Eadem
735 1969 895 2017 mertia
917 1972 932 1998 ⁵
971 1986 1081 2036 erga
1103 1970 1273 2028 hostes,
1291 1967 1447 2016 similis
1475 1977 1607 2031 petu-

131 2081 303 2133 ¹Ipsam
319 2084 512 2123 coloniam.
567 2084 806 2123 Camulodu-

78 2148 195 2181 num;
213 2143 256 2174 ut
274 2149 389 2186 supra
406 2150 492 2187 cap.
515 2140 576 2174 14
975 2174 1006 2191 n
1004 2146 1116 2199 Qegranf
1117 2175 1148 2192 m

133 2186 152 2204 ²
179 2189 380 2228 Petronius
400 2190 655 2240 Turpilianus
704 2191 739 2229 V
744 2192 805 2230 ide
875 2205 1028 2231 Fluctibus
1039 2207 1180 2239 occiduis,
1189 2209 1327 2241 fissaque
1342 2204 1428 2238 Hype
1430 2194 1515 2232 riona*
1525 2205 1600 2233 Thu-
1631 2212 1635 2215 “

82 2255 198 2292 supra
217 2243 357 2283 Annal.
378 2256 465 2281 xiv.
484 2247 550 2287 39.
895 2258 898 2259 ν
972 2244 1021 2270 zen

131 2292 148 2314 ³
179 2295 363 2334 Trebellio
389 2297 568 2335 Illaximo.
625 2296 724 2346 Vide
746 2311 807 2337 su·
874 2283 926 2308 1¹⁸⁸
928 2282 984 2308 rra
985 2285 1169 2312 '‘mand‘'‘a
1151 2293 1233 2334 “gfff
1216 2293 1292 2311 rm

1006 2088 1058 2114 Ali
1049 2089 1085 2114 ιιι
1103 2087 1189 2112 .ἰῦεεί
1210 2086 1388 2118 reducesque
1401 2085 1527 2111 Camilli

877 2126 993 2152 Monaetr
977 2130 1084 2153 rentur
1096 2130 1159 2156 ,·ειι
1173 2126 1303 2158 discepa
1285 2127 1354 2150 atre
1320 2132 1393 2155 re‚m
1411 2126 1603 2157 quantusque

83 2361 153 2400 pra
171 2349 269 2388 Hist.
290 2362 317 2386 1.
338 2348 404 2388 60.

135 2400 155 2421 ⁴
186 2402 296 2441 Velut
309 2404 426 2452 pacti.
482 2404 591 2442 Paeti
616 2410 716 2442 sunt.
748 2404 807 2442 De

82 2455 261 2493 Trebellii
289 2456 379 2507 fuga
397 2457 481 2494 vide
504 2469 620 2508 supra
640 2458 740 2495 Hist.
760 2469 808 2495 ιι.

83 2506 149 2546 65.
204 2509 350 2546 Ibidem
389 2517 621 2549 memoratur
659 2511 808 2548 Vettius

54 2611 58 2613 Α
84 2561 266 2606 Bolanus,
299 2562 479 2601 Trebellii

83 2627 218 2652 ces-301¹.

526 2564 691 2601 Maximi
724 2577 809 2602 suc-

137 2666 152 2688 ³
181 2668 320 2706 Eadem
348 2655 498 2708 inertia.
564 2668 809 2707 AdulationiS

84 2722 172 2770 ergo
207 2722 418 2772 arguendus
465 2723 618 2760 videtur
652 2723 808 2768 Statius,

84 2775 175 2812 cum
193 2775 427 2826 Crispinum,
446 2776 579 2814 Bolani
603 2775 738 2823 filium,
756 2776 810 2815 ita

5 2871 10 2875 ,
83 2827 307 2877 alloquitur,
352 2828 567 2879 sylvarum,
601 2830 729 2877 Libro,
767 2842 808 2869 v.

87 2880 216 2920 earm.
237 2893 288 2920 11.
306 2885 371 2929 53.

105 2935 111 2943 ’
216 2957 332 2990 vm..
371 2957 441 2991 lv·

875 2351 926 2388 Et
944 2364 1033 2388 mox
1051 2332 1145 2390 ibid.
1163 2365 1257 2390 vers.
1282 2356 1370 2391 142.

876 2457 1000 2483 Quanta
1013 2455 1157 2481 Caledoni
1135 2463 1189 2480 uos
1200 2455 1318 2480 attbllet
1327 2455 1379 2487 glo
1361 2455 1431 2480 oria
1441 2460 1562 2486 campos
1574 2454 1586 2477 !

875 2494 949 2521 Czlm
956 2494 1013 2520 tibi
1018 2495 1163 2526 Longaevus
1176 2495 1283 2526 reseret
1291 2494 1388 2518 trucis
1396 2493 1496 2518 incola
1504 2495 1602 2520 terrm,

876 2534 939 2559 Hic
956 2535 1055 2559 metus
1075 2534 1150 2559 dare
1159 2533 1242 2565 jura
1258 2540 1395 2566 paream
1415 2532 1469 2558 hoc
1495 2531 1603 2564 cespite

875 2575 1131 2645 Affaritilctliiidas
1141 2612 1283 2644 speculas,
1290 2611 1471 2642 castellaque
1483 2606 1569 2640 longe

874 2651 990 2685 Aspicis
999 2651 1013 2675 ?
1030 2650 1100 2676 ‚12ae
1122 2651 1215 2680 dedit,
1239 2650 1393 2682 cinxitque
1418 2649 1478 2675 haec
1490 2648 1603 2675 moenia

878 2689 1102 2761 ndussrl'cs'affl
1114 2728 1196 2754 dona
1212 2728 1288 2756 Deis,
1299 2726 1359 2753 hac
1375 2727 1437 2752 ceca
1454 2726 1581 2754 dicavit.

878 2769 982 2795 Cernis
992 2768 1094 2793 adhuc
1107 2768 1211 2794 titulos
1218 2777 1230 2797 ,-
1247 2766 1328 2791 hunc
1342 2767 1404 2800 ipse
1423 2764 1600 2793 vacantibus

878 2814 1088 2878 Induigrlfnuzric
1098 2846 1165 2879 regi
1173 2845 1282 2879 rapuit
1291 2844 1420 2870 thoraca
1441 2843 1603 2871 Britanno.
