1768 3236
0 270 1 274 Ἰ
646 172 998 245 GERMANiA.
1544 204 1598 254 ’15

51 310 244 365 admeto
276 307 387 378 igne
419 319 589 371 tentes,
626 307 676 359 in
714 310 912 359 modum
948 307 1072 359 tedae
1107 309 1391 401 accenditur,
1424 312 1598 380 alitque

50 392 289 443 flammam
325 389 549 455 pinguem
582 399 629 436 et
662 388 930 437 olentem2¹
976 403 1094 435 mox-
1130 399 1184 436 ut
1215 388 1263 437 in
1301 390 1453 454 picem
1490 393 1602 452 resi.

51 485 221 520 namve
242 467 462 527 lentescit.
530 466 782 524 Suionibus
802 465 1018 515 Sitonum
1038 470 1232 532 gentes²
1253 469 1601 520 continuantur.

53 548 227 598 Cetera
246 545 434 606 similes,
455 561 552 594 uno
573 543 813 605 differunt,
839 545 972 610 quod
1005 542 1199 593 foemina
1220 546 1515 596 dominatur:
1543 548 1601 598 *in

16 655 21 659 ·
51 635 235 676 tantum
253 640 352 673 non
371 623 519 673 modo
542 623 571 671 a
593 623 819 684 libertate,
840 623 924 677 sed
944 622 1082 672 etiam
1110 621 1140 672 a
1162 623 1380 674 servitute
1402 625 1602 691 degene-

51 703 173 753 rant.
241 701 340 751 ffie
361 702 544 759 Sueviae
566 701 687 751 finis.

121 865 205 908 46.
238 859 625 919 Paucmonun,
657 859 1072 925 Venedorumque,
1105 871 1152 908 et
1186 859 1455 908 Fennorum
1488 859 1603 908 nati-

54 953 170 986 ones
193 937 443 986 Germanis
463 953 523 985 an
546 937 793 992 Sarmatis³
818 937 1076 986 adscribam
1098 937 1290 986 dubitoz
1319 954 1605 1003 quamquam

53 1015 284 1074 Peucini,⁴
311 1032 431 1080 quos
467 1014 657 1079 quidam
691 1017 934 1064 Bastarnas
966 1027 1150 1075 vocant,
1185 1032 1418 1075 sermone,
1456 1016 1604 1076 cultu,

53 1093 184 1152 sede,
205 1109 260 1141 ac
281 1093 559 1153 domiciliis‚⁵
581 1105 634 1142 ut
657 1094 885 1148 Germani
914 1106 1088 1160 agunt:
1124 1095 1285 1143 sordes
1316 1093 1527 1142 omnium
1549 1111 1604 1143 ac

55 1181 220 1235 torpor
234 1187 249 1218 ε
299 1186 549 1234 procerum
581 1172 823 1221 connubiis
855 1169 1050 1231 mixtis,⁶
1092 1172 1303 1220 nonnihil
1340 1172 1390 1219 in
1422 1173 1605 1221 Sarma-

55 1251 211 1295 tarum
244 1247 453 1296 habitum
482 1247 735 1298 foedantur.
802 1249 982 1298 Venedi
999 1254 1016 1280 ⁷
1049 1250 1252 1298 multum
1274 1267 1336 1298 ex
1361 1250 1571 1298 moribus
1586 1248 1605 1272 ⁸

55 1335 316 1386 traxerunt.
372 1327 499 1374 Nam
522 1326 748 1391 quidquid
769 1327 890 1376 inter
911 1326 1140 1388 Peucinos
1160 1328 1437 1393 Fennosque
1458 1327 1606 1393 sylva-

872 1547 955 1581 tum
975 1553 1173 1590 moresque
1189 1538 1443 1579 foedabantur.

926 1592 943 1615 ⁷
965 1595 1116 1633 Venedi.
1137 1595 1283 1632 Venedi
1303 1593 1406 1632 ultra
1418 1593 1607 1632 Peucinos

114 1536 130 1563 ·¹
177 1538 357 1587 Qlentem.
405 1539 618 1581 Succinum
657 1541 793 1582 attritu

60 1591 256 1642 odoraque
272 1593 428 1631 flamma
447 1595 581 1645 pinum
601 1595 756 1633 redolet.

114 1643 134 1662 ²
147 1638 337 1685 Sitonum
326 1652 469 1699 gentes.
483 1649 519 1685 N
526 1661 601 1685 unc
613 1648 657 1686 N
656 1662 794 1700 orrcay

113 1695 131 1719 ³
161 1701 361 1739 Germanis
390 1715 438 1738 an
469 1701 669 1740 Sarmatis.
700 1703 795 1741 Ger-

59 1755 189 1796 mania
215 1756 372 1805 quidem
391 1755 542 1795 Vistula
567 1756 792 1796 finiebatur:

60 1816 101 1846 et
129 1809 231 1847 ultra
258 1808 452 1848 Vistulam
482 1819 564 1848 erat
591 1811 794 1851 Sarmatia.

62 1863 220 1901 Peucini
237 1871 376 1908 tamen,
392 1864 615 1915 Venedique
628 1874 666 1902 et
678 1865 793 1902 Penni

35 1922 38 1924 '
62 1916 303 1955 Germanicae
332 1917 486 1967 originis
512 1918 795 1956 esse‘vidcban-

62 1978 140 2014 tut,
157 1971 264 2021 quod
281 1971 377 2009 licet
402 1971 440 2008 in
461 1972 651 2010 Sarmatia
670 1973 794 2022 positi,

59 2024 87 2062 ὲ
123 2025 386 2066 Sarmatarum
415 2026 587 2066 moribus
622 2026 795 2066 deflecte-

61 2087 159 2118 rent.

46 2169 49 2171 .
113 2130 136 2154 ⁴
178 2132 348 2173 Peucini.
403 2134 592 2172 Peucinos
640 2147 796 2186 quoque

62 2186 279 2226 Germaniae
314 2187 498 2226 adscribit
541 2188 699 2235 Plinius,
736 2202 795 2229 1v.

67 2245 133 2280 14.
162 2240 309 2285 Quinta
338 2242 555 2282 Germaniae
581 2256 673 2293 pars
699 2243 797 2281 Peu-

61 2294 371 2340 cinssBa-rternae,
389 2309 505 2345 ,supra
522 2296 634 2336 dictis
652 2304 797 2335 couter-

61 2348 153 2389 ωἰιιί
168 2347 304 2387 Dacis.
338 2349 400 2387 Ad
422 2350 524 2395 istri,
543 2350 605 2388 the
622 2351 796 2397 Danube,

62 2402 176 2447 ostia,
192 2408 233 2440 et
258 2403 299 2439 in
326 2403 414 2453 ipsis
431 2404 547 2441 etiam
578 2404 662 2442 Istri
691 2405 795 2443 ostiis

62 2455 227 2493 insulam
275 2457 441 2503 Peucen,
483 2470 587 2495 nunc
628 2458 795 2503 Piczina‚

61 2509 289 2549 habitabant
314 2510 470 2548 Peucini
491 2524 577 2563 pais
595 2512 798 2550 Bastarna·

61 2576 163 2608 rum,
199 2572 243 2602 ut
274 2572 378 2614 patet
406 2578 454 2606 ex
486 2567 686 2613 Strabone,
719 2579 796 2605 vn.

63 2614 212 2668 p.306.

41 2700 45 2701 γ
111 2669 126 2691 ⁵
148 2670 266 2717 Sede,
280 2686 324 2711 ac
343 2673 552 2712 domiciliis.
581 2674 715 2712 sedem
731 2675 800 2713 do-

62 2724 289 2777 miciliaque
305 2727 468 2787 figebant
489 2728 659 2768 Peucini.
698 2730 799 2768 Con-

41 2800 44 2806 ·
66 2787 127 2816 tra
153 2779 335 2819 Sarmatae
360 2781 401 2820 in
428 2781 603 2859 plaustro
621 2795 798 2834 equoque

66 2832 255 2873 vivebant.

120 2881 139 2903 ⁶
168 2885 487 2927 Οοηηηόἱὶεπιίε·”
474 2902 519 2928 ιε.
539 2889 796 2928 Peucinorum

35 2942 40 2946 ’
62 2953 240 2990 *proceres
256 2943 450 2983 connubia
474 2939 799 2983 miscebant'cum

69 2994 264 3046 Sarmatis,
288 3003 326 3037 et
346 2997 389 3039 iu
410 2996 671 3039 Sarmatarum
693 2996 802 3040 habi-

872 1656 909 1686 et
939 1650 1141 1686 Bastarnas
1167 1648 1216 1685 ad
1246 1648 1454 1686 Sucvicum
1484 1660 1606 1696 usque

873 1716 990 1749 mare,
1027 1703 1089 1740 the
1128 1702 1255 1740 Battic
1286 1702 1371 1747 Sea,
1410 1702 1608 1752 protende-⁴

873 1758 1026 1795 bantur.
1049 1752 1291 1794 Venedoruin
1306 1756 1527 1793 memoriam
1539 1755 1609 1792 ad-

872 1810 951 1850 huc
970 1812 1106 1849 retinet
1126 1811 1241 1848 Sinus
1255 1809 1485 1856 venedicus,
1501 1821 1607 1848 nunc

874 1865 938 1902 the
952 1865 1059 1918 Guff
1069 1866 1119 1916 uf
1129 1863 1308 1908 Datztzic.
1355 1864 1490 1902 Manet
1507 1876 1608 1914 quo-

873 1931 949 1968 que
975 1927 1113 1957 nomen
1140 1920 1180 1956 in
1202 1918 1379 1962 Wenden,
1405 1931 1492 1969 quae
1521 1930 1606 1968 pals

872 1980 927 2011 est
952 1973 1134 2018 Livoniae.
1188 1972 1291 2010 Cum
1322 1972 1606 2010 Germanorum

871 2035 997 2076 gentes
1031 2027 1209 2078 plurimae
1240 2026 1279 2063 in
1315 2026 1481 2071 Italiam,
1512 2025 1607 2064 Gal-

873 2080 978 2125 liam,
1010 2081 1236 2131 Hispaniam
1262 2081 1498 2131 irrupissent,
1530 2080 1609 2117 Vc·

872 2135 974 2181 nedi,
990 2135 1086 2173 dicti
1102 2148 1259 2185 quoque
1279 2135 1442 2179 Winedi,
1465 2146 1606 2171 vacuas

871 2189 975 2226 sedes
1008 2201 1250 2239 occupavere
1281 2189 1379 2226 inter·
1411 2187 1607 2225 vistulam

871 2250 909 2280 et
942 2242 1090 2281 Albim.
1148 2243 1240 2280 Inde
1272 2242 1499 2280 Danubium
1531 2250 1608 2279 tra-

865 2297 1008 2346 jecere,
1038 2296 1290 2343 Dalmatiam,
1316 2296 1531 2346 illyricum,
1554 2296 1606 2332 Is-

872 2352 998 2397 triam,
1024 2352 1183 2397 Carnos,
1213 2351 1453 2400 Noricasque
1486 2350 1607 2400 Alpes

872 2412 1038 2443 tenuere.
1094 2404 1155 2441 De
1177 2417 1311 2442 corum
1338 2404 1492 2441 nomine
1518 2416 1606 2454 pars

871 2459 1062 2496 Carniolae
1094 2458 1222 2495 adhuc
1258 2459 1405 2496 dicitur
1427 2458 1608 2496 JVindis-

870 2514 1010 2551 marck.
1065 2512 1128 2550 Ob
1148 2512 1403 2550 celebritatem
1430 2511 1609 2549 nobilita-

859 2573 1025 2617 ·temque
1068 2567 1325 2615 cognominati
1361 2573 1451 2604 suut
1488 2564 1606 2611 Slavi,

869 2620 1132 2670 latissimeque
1163 2620 1264 2670 viget
1292 2633 1425 2658 corum
1459 2619 1606 2668 lingua,

870 2675 933 2713 the
968 2674 1194 2712 sclavonian
1222 2675 1421 2724 Ianguuge‚
1450 2674 1496 2710 de
1522 2673 1602 2724 qua

870 2729 1020 2766 erudite
1048 2727 1224 2765 disseruit
1251 2729 1313 2765 Cl.
1346 2729 1392 2764 de
1422 2728 1603 2777 Peysson-

870 2782 946 2827 nel,
982 2781 1246 2820 observatiam
1291 2781 1531 2830 Historiques
1564 2786 1601 2817 et

871 2835 1179 2886 Geographiques
1196 2848 1264 2872 sur
1278 2836 1339 2872 les
1350 2835 1502 2889 μωρίη
1519 2835 1600 2871 bas·

873 2890 994 2935 bar-,es
1010 2903 1048 2940 p.
1068 2894 1148 2932 7et
1164 2902 1243 2938 seq.
1311 2919 1315 2924 .

927 2941 943 2972 ⁹
973 2943 1034 2980 Ex
1051 2943 1224 2985 moribus
1253 2942 1316 2980 Ex
1334 2942 1504 2980 moribus
1520 2940 1606 2979 Sar-

872 3005 1080 3043 maiarum·
