1768 3236
391 182 471 222 AD
499 181 803 222 DIALOGUM
832 180 908 222 DE
936 181 1301 224 ORATORIBUS.
1541 184 1623 236 629

137 284 360 342 Magnum,
379 289 408 311 “
422 301 474 328 ne
488 293 725 342 putaremus
737 283 924 328 lunarem
942 301 1044 338 esse,
1060 274 1279 342 pronterea
1294 282 1410 328 dixit.
1439 285 1613 347 Antiqui

75 364 186 403 enim
216 370 403 417 tempora
433 359 633 402 sideribus
662 361 973 416 computabant,
1000 368 1041 402 et
1059 359 1248 403 dixerunt
1276 360 1411 417 primo
1429 360 1613 407 lunarem

74 449 226 476 annum
245 433 408 490 triginta
426 434 609 477 dierum:
641 434 748 476 unde
769 433 971 477 invenitur
995 435 1038 476 in
1065 433 1268 491 aliquibus
1287 435 1368 477 vita
1386 446 1614 493 nongento-

71 523 164 550 rum
185 523 398 561 annorum,
419 507 574 551 scilicet
590 508 807 550 lunarium.
870 507 1024 551 Postea
1042 507 1263 551 solstitialis
1279 514 1406 552 annus
1426 519 1611 566 repertus

70 589 147 635 est,
167 582 239 638 qui
268 583 487 625 duodecim
519 582 700 625 continet
731 598 904 624 menses.
962 582 1073 624 Ron
1102 583 1258 640 majore
1287 584 1387 626 cura
1415 600 1609 641 magnum

69 670 223 699 annum
242 673 331 700 esse
351 657 581 710 voluerunt,
611 656 803 699 omnibus
831 656 1002 713 planetis
1031 656 1074 699 in
1099 658 1289 701 eumdem
1308 659 1609 702 recurrentibus

67 729 209 773 locum
213 727 282 783 {et
294 732 374 773 hoc
391 731 452 783 fit,
473 741 520 773 ut
538 731 730 782 diximus,
747 731 968 774 secundum
983 730 1198 773 Ciceronis
1212 731 1497 786 Hortensium,
1513 743 1610 789 post

4 848 8 849 ⁷
67 819 195 847 annos
221 805 438 866 duodecim
460 804 590 847 millia
608 815 833 860 nongentos
851 805 1145 862 quinquaginta
1165 814 1354 862 quatuor,
1373 806 1608 851 solstitiales

66 879 235 922 scilicet.
290 879 522 936 Bene-ergo
541 894 650 922 nunc
667 884 684 903 “
700 880 912 935 magnum'
932 879 1097 932 addidit,
1116 895 1168 921 ne
1187 875 1393 922 Lunarem
1406 881 1606 938 intellige-

63 969 214 996 remus.
246 953 362 996 Bene
383 953 714 1004 ‘Solis'nomen,
742 968 793 994 ne
817 953 914 1010 quia
928 953 1086 995 dixerat
1106 955 1348 1009 ‘magnum,'
1366 954 1483 998 illum
1511 970 1600 1000 vu.

63 1027 321 1084 planetarum
334 1028 615 1084 acciperemus
635 1036 677 1068 et
698 1026 983 1080 Platonicum3
1014 1028 1065 1069 de
1080 1044 1164 1083 quo
1185 1027 1292 1070 varia
1303 1037 1344 1070 et
1362 1027 1387 1070 a
1408 1028 1602 1082 Metone,

63 1111 107 1144 et
126 1103 180 1144 ab
202 1102 396 1155 Eudoxo,
426 1111 467 1144 et
500 1100 525 1143 ὲ
563 1100 808 1154 Ptolemaeo‚
828 1109 868 1143 et
887 1103 938 1143 ab
958 1100 1050 1157 ipso
1070 1101 1230 1144 Tullio.
1290 1102 1406 1145 Nam
1425 1102 1469 1145 in
1487 1103 1603 1146 libris

62 1177 115 1218 de
154 1175 345 1218 Deorum
385 1176 533 1218 natura
566 1176 642 1218 tria
675 1175 805 1217 millia
843 1191 1040 1222 annorum
1080 1176 1180 1218 dicit
1217 1191 1412 1233 magnum
1450 1193 1599 1220 annum

61 1251 243 1292 tenere.’'
314 1249 364 1292 In
395 1266 567 1293 numero
602 1250 819 1292 duodecim
859 1249 1034 1292 millium
1067 1260 1368 1306 nongentorum
1403 1252 1602 1308 quinqua-

59 1326 174 1382 ginta
193 1334 367 1382 quatuor
385 1340 582 1367 annorum
605 1325 827 1367 concordat
845 1324 1139 1367 vetustissimus
1160 1325 1290 1367 Servii
1319 1325 1422 1368 MS.
1451 1328 1600 1379 eodelr,

59 1399 132 1456 qui
151 1400 229 1442 fuit
248 1399 347 1442 olim
368 1399 408 1442 in
438 1399 692 1442 bibliotheca
710 1398 873 1454 collegii
906 1398 1110 1440 Ludovici
1142 1399 1306 1455 Magni.
1366 1399 1467 1442 Inde
1488 1415 1599 1443 erro-

59 1473 113 1515 ris
145 1489 301 1530 arguaS,
333 1483 375 1517 et
406 1473 528 1516 facile
561 1475 750 1515 emendes
790 1473 963 1515 alterum
1000 1471 1128 1515 Servii
1160 1471 1314 1526 locum,
1347 1474 1403 1530 in*
1421 1476 1598 1518 numeris

58 1548 226 1590 omnino
260 1557 512 1604 corruptum.
587 1548 658 1590 Sic
696 1546 804 1589 enim
833 1547 891 1589 ibi
929 1547 1098 1589 Servius
1132 1548 1183 1589 ad
1221 1547 1386 1590 AEneid.
1428 1562 1461 1590 1.
1496 1554 1597 1596 273.

56 1630 88 1651 “
108 1627 346 1669 Secundum
383 1627 572 1670 Tullium
608 1643 778 1683 magnus
790 1627 814 1645 ’'
865 1643 1005 1685 annus,
1042 1631 1073 1652 ‘⁸'
1092 1627 1163 1684 qui
1198 1635 1308 1669 tenet
1348 1619 1427 1668 ΞῘΙ
1461 1640 1594 1671 Dva.

56 1715 207 1744 annos:
250 1711 295 1744 ut
332 1701 374 1744 in
418 1701 684 1754 Hortensio,”
715 1707 745 1727 “
767 1701 826 1744 Et
857 1702 1005 1744 horum
1038 1716 1251 1754 annorum,
1281 1716 1385 1757 quos
1408 1700 1449 1744 in
1481 1701 1595 1744 fastis

54 1781 267 1835 habemus,
305 1797 477 1836 magnus
516 1771 602 1824 {ii
639 1777 773 1823 nmv.
813 1797 940 1824 annos
987 1780 1287 1837 amplectitur.''
1357 1780 1594 1823 certissime

54 1860 355 1903 emendandum
372 1848 454 1903 ἶῦ
480 1874 739 1903 nccccmv,
760 1869 805 1903 ut
824 1869 938 1917 patet
955 1869 1043 1904 tum
1064 1861 1087 1903 ὲ
1118 1852 1284 1913 Tacito,
1303 1867 1390 1902 tum
1412 1875 1462 1901 ex
1481 1859 1592 1916 ipsis,

51 1932 190 1988 priore
208 1932 302 1975 loco
321 1933 465 1987 allatis,
498 1934 628 1977 Servii
649 1934 797 1988 verbis,
827 1939 855 1960 “
875 1935 954 1978 hoc
984 1935 1046 1987 fit,
1067 1943 1112 1977 ut
1145 1934 1337 1986 diximus,
1367 1935 1590 1976 secundum

52 2005 268 2050 Ciceronis
317 2007 602 2061 Hortensium,
641 2018 737 2065 post
774 2025 900 2052 annos
938 2009 1159 2052 duodecim
1196 2008 1324 2050 millia
1357 2007 1587 2064 nongentos

51 2079 342 2138 quinquaginta
358 2083 571 2139 quatuor.'’
629 2083 746 2126 Idem
767 2085 909 2126 suadet
939 2083 1117 2135 Solinus,
1149 2099 1241 2139 cap.
1259 2088 1329 2126 33.
1390 2082 1460 2125 Sic
1480 2081 1588 2124 enim

49 2154 106 2196 ibi
126 2155 177 2197 de
205 2156 407 2211 phoenice.
439 2161 466 2181 “
487 2157 596 2199 Cum
621 2158 742 2216 hujus
760 2158 845 2199 vita
864 2158 999 2213 magni
1034 2157 1127 2200 anni
1145 2156 1236 2199 fieri
1268 2149 1588 2208 conversionem,

49 2236 136 2272 rata
167 2229 269 2273 fides
288 2239 351 2272 est
381 2231 485 2273 inter
509 2241 718 2275 auctores:
749 2231 846 2274 licet
871 2232 1037 2288 plurimi
1054 2247 1196 2274 eorum
1225 2246 1415 2286 magnum
1435 2246 1586 2274 annum

48 2317 133 2344 non
164 2303 393 2360 quingentis
426 2314 468 2348 et
498 2306 774 2362 quadraginta,
805 2307 876 2348 sed
907 2306 1124 2348 duodecim
1155 2305 1338 2380 millibus
1361 2306 1586 2381 nongentis

50 2375 349 2434 quinquaginta
368 2387 541 2435 quatuor
559 2379 671 2422 annis
687 2388 872 2422 constare
890 2379 1066 2422 dicant?
1448 2431 1451 2434 Α

107 2449 220 2492 Rudi
249 2460 386 2494 autem
416 2452 550 2495 adhuc
571 2453 854 2506 Asu-ommia,
885 2453 994 2495 varia
1023 2454 1135 2495 fuere
1153 2453 1276 2510 juxta
1305 2454 1439 2498 varios
1460 2453 1587 2509 scrip-

46 2530 157 2566 tores
176 2525 314 2581 magni
333 2526 425 2568 anni
443 2527 587 2582 spatia,
608 2543 697 2584 quae
720 2527 810 2569 vide
830 2527 939 2582 apud
957 2526 1152 2577 Riccioli‚
1167 2527 1395 2583 Almagest.
1420 2542 1497 2570 111.
1517 2534 1584 2571 13.

44 2596 144 2639 Vol.
167 2611 199 2639 1.
232 2615 275 2654 p.
303 2605 395 2642 130.
423 2602 604 2656 etzapud
633 2600 934 2653 Marshamum,
969 2600 1130 2642 Canon.
1163 2601 1332 2657 AEgypt.
1364 2617 1407 2656 p.
1429 2608 1470 2650 9.
1530 2601 1582 2643 In

43 2670 126 2713 hac
165 2673 320 2732 majore
361 2673 638 2717 Astronomiae
677 2675 769 2717 luce
803 2676 984 2718 nondum
1032 2675 1293 2718 consentiunt
1328 2675 1583 2719 Astronomi.

44 2742 249 2800 hlagnum
272 2746 380 2788 enim
402 2762 553 2789 annum
575 2748 753 2791 Riccioli
774 2748 917 2791 definit
934 2747 1046 2791 annis
1066 2754 1226 2796 25920.
1274 2749 1424 2805 Tycho
1445 2749 1583 2794 Brahe

42 2819 158 2861 annis
177 2822 334 2864 25816.
366 2820 525 2864 Cassini
541 2822 652 2864 annis
671 2829 829 2867 24800.
