1768 3236
675 177 977 217 AGRICOLA.
1519 185 1599 220 103

51 285 208 334 omnia
229 283 363 344 scire,
391 299 488 332 non
509 281 886 346 omniaexsequi
902 299 916 330 z
934 284 947 304 ¹
982 280 1133 345 parvis
1166 282 1368 346 peccatis
1391 282 1600 342 veniam,

12 412 15 414 ,
50 363 232 428 magnis
274 362 559 411 severitatem
599 360 926 409 commodare:
961 376 1048 407 nec
1087 359 1232 423 poena
1263 378 1471 425 semper,
1508 361 1599 410 ,sed

49 440 224 504 saepifis
262 438 531 504 poenitentia
563 449 805 486 contentus
835 454 963 485 esse:
1001 437 1160 486 officiis
1201 449 1245 486 et
1280 438 1599 486 administrati-

50 517 216 565 onibus
238 517 395 581 potius
426 532 523 564 non
544 515 816 579 peccaturos
833 518 1146 585 ¹praeponere,z
1180 514 1327 578 quam
1358 516 1597 575 damnare,

49 593 166 642 ciun
186 594 467 659 peccassent.
511 593 750 641 Frumenti
768 603 813 639 et
834 591 1115 639 tributorum
1137 591 1419 640 auctionem³
1443 610 1598 657 aequa-

42 671 168 720 limte
210 689 461 726 munerum
502 671 724 729 mollire‚⁴
765 669 1047 717 circumcisis
1093 686 1218 733 quae,
1263 669 1313 716 in
1362 685 1594 733 quaestum

46 737 247 813 reperta,
287 749 389 814 ipso
432 749 606 798 tributo
645 748 836 814 gravius
877 737 1218 795 tolerabanturss
1270 763 1472 811 namque
1509 765 1594 811 per

47 827 300 887 ludibrium
322 827 529 876 adsidere
551 827 715 875 clausis
737 825 935 884 horreis,
952 836 998 872 et
1020 841 1174 873 emere
1190 825 1316 872 ultro
1338 823 1591 889 frumenta,

44 921 99 953 ac
130 905 332 953 vendere
353 905 500 969 pretio
520 906 838 970 cogebantur:
874 902 1080 971 devortia
1099 902 1316 950 itinerum
1339 913 1385 950 et
1411 902 1592 967 longin-

46 982 196 1051 quitas
211 982 456 1048 regionum
475 982 780 1041 indicebatur,
797 991 850 1029 ut
871 979 1072 1028 civitates
1093 979 1123 1028 a
1143 980 1369 1045 proximis
1386 980 1589 1028 hibernis

46 1227 94 1257 ac
113 1214 381 1257 fidelissimos.
431 1203 562 1265 quue⁴
589 1213 778 1263 conjicere
800 1258 802 1260 ‚

46 1269 142 1311 licet>
169 1283 217 1307 ex
248 1269 430 1320 Ulpiano,
465 1270 608 1319 Digest.
640 1268 723 1306 Lib.
747 1279 776 1304 1.

0 1349 7 1358 .
46 1320 125 1361 Tit.
148 1320 211 1361 16.
236 1324 287 1369 de
307 1323 446 1360 Officio
474 1322 713 1373 proconsulis
739 1328 778 1358 et

12 1376 18 1378 ⁴
45 1376 174 1427 legati.
202 1378 291 1428 Leg.
310 1383 348 1416 4.
379 1378 500 1415 Nemo
519 1377 777 1427 proconsulum

42 1436 230 1469 stratores
263 1446 347 1469 suos
377 1429 508 1469 haber‘e
531 1436 682 1481 potest:
712 1430 778 1468 sed

0 1517 2 1520 ,
44 1485 126 1523 vice
160 1499 283 1524 eornm
316 1486 450 1523 milites
496 1484 702 1523 ministerio
738 1483 775 1520 in

39 1539 487 1591 provinciisfimguntur.
518 1539 622 1577 'lalis
639 1546 777 1576 strator

43 1600 127 1648 orat
142 1594 262 1632 Silius
282 1595 442 1646 Hospes,
457 1595 571 1647 cujus
594 1592 776 1631 memmia

28 1643 152 1687 -e'xtat
165 1644 267 1700 apud
284 1649 510 1691 Grunrum,
526 1662 562 1699 p.
578 1652 667 1692 389.
687 1661 724 1685 n.
738 1651 777 1685 2.

64 1721 66 1723 ’
104 1734 176 1768 Τ.
199 1735 279 1768 οι.
302 1718 605 1776 ommno,
627 1735 690 1767 sc.

42 1793 210 1828 SILIVS.
236 1795 271 1828 H
282 1795 314 1828 O
324 1796 345 1828 S
354 1796 386 1829 P
395 1795 585 1850 Esss—HAS
591 1793 689 1828 ΤΑΤ
699 1795 730 1827 U
739 1795 775 1831 S.

310 1851 342 1884 L
350 1851 380 1882 E
390 1851 434 1884 G.
468 1853 504 1884 X

3 1902 329 1946 ΓΕΕΜῙΝΑΕ.
345 1910 624 1945 STRATOR.
643 1911 773 1946 E1vs

128 1971 372 2005 OPTIMO.
397 1971 696 2006 PRAEstm.
749 1984 752 1988 ·

0 2112 1 2115 ,
96 2070 110 2087 ¹
138 2071 316 2122 Exsequi.
360 2071 504 2110 Omnia
538 2071 648 2117 scire,
695 2085 771 2110 non

0 2162 4 2168 ,
38 2125 170 2168 omnia
196 2126 344 2176 punire.
399 2126 464 2164 Sic
486 2126 615 2164 Julius
633 2127 772 2174 Caesar,

0 2183 3 2229 ξ
39 2180 143 2231 apud
181 2179 404 2219 Suetonium
442 2179 480 2217 in
513 2179 770 2219 Jul.1.xx11

0 2243 2 2275 ζ
40 2233 179 2278 delicta
195 2247 310 2284 neque
327 2234 546 2271 observabat
560 2233 692 2281 omnio,
710 2249 775 2273 ne-

39 2300 109 2337 que
132 2301 207 2338 pro
239 2289 345 2325 modo
377 2288 665 2337 exse-:quebatm
706 2290 772 2327 secl

38 2341 269 2392 desertorum
295 2354 340 2379 ac
366 2341 623 2381 seditiosorum
651 2341 772 2393 inqui-

36 2394 148 2440 sitor,
165 2399 203 2433 et
221 2394 379 2445 punitor
402 2394 621 2442 acerrimus,
648 2397 773 2434 conni-

37 2449 147 2486 vebat
164 2448 204 2486 in
221 2448 367 2486 ceteris.

91 2498 110 2517 ²
146 2499 239 2539 Non
276 2507 498 2551 peccaturos
543 2515 770 2553 proeponere.

36 2554 261 2606 Praeponere
280 2555 304 2593 ὲ,
322 2554 427 2594 libris
443 2555 553 2594 editis
578 2556 769 2598 immerito

37 2609 162 2648 suerat
206 2609 402 2650 omissum,
474 2610 575 2647 Vide
608 2617 687 2648 not.
730 2619 770 2648 et

0 2669 5 2704 ζ
35 2664 182 2701 emend.
201 2664 249 2700 ad
269 2676 341 2714 cap
345 2667 437 2708 ..19

0 2723 5 2756 ,’
89 2713 106 2737 ³
135 2717 368 2755 Auctionem.
395 2715 538 2754 Melius
556 2716 651 2754 sort?
665 2730 770 2755 exac-

0 2807 4 2810 .
35 2771 184 2809 tionem.
238 2771 339 2808 Vide
366 2780 445 2808 not.
472 2779 511 2810 et
540 2771 690 2809 emend.
718 2772 766 2808 ad

36 2837 84 2863 ca
113 2853 123 2863 .
146 2830 159 2862 l
197 2853 207 2863 .

85 2839 109 2903 Β
134 2829 305 2916 .Μ9οΗἰνε.
353 2878 547 2916 Frumenti
577 2885 615 2915 ct
647 2879 768 2918 tribu-

34 2938 162 2984 torum
178 2932 432 2982 exactionem,
453 2932 510 2971 vel
531 2933 644 2971 ctiam
673 2946 767 2972 auc-

854 1210 1008 1257 tionem,
1026 1210 1247 1261 aequalitate
1264 1223 1465 1248 munerum
1493 1210 1590 1248 mol-

855 1265 915 1302 liit
933 1265 1130 1315 Agricola,
1157 1265 1398 1302 circumcisis
1421 1277 1520 1315 quae,
1548 1265 1587 1302 in

854 1326 1043 1368 quaestum
1065 1325 1224 1370 reperta,
1242 1318 1324 1369 ipso
1342 1319 1488 1355 tributo
1504 1331 1587 1368 gra-

853 1373 937 1411 vius
982 1372 1254 1418 tolerabantur.
1287 1406 1290 1409 Α
1327 1373 1444 1418 Nam,
1497 1379 1587 1410 ante

854 1427 1047 1476 Agricolae
1086 1428 1365 1479 praefccturam,
1404 1439 1588 1476 procura-

855 1487 952 1518 tores
972 1481 1247 1532 publicanique
1263 1493 1338 1517 non
1361 1481 1489 1518 statim
1509 1480 1595 1518 fru-⁴

855 1543 1025 1573 mentum
1082 1535 1371 1585 stipendiarium
1423 1535 1587 1584 exigere,

854 1590 916 1626 sed
940 1589 1208 1627 Britannorum
1234 1589 1366 1626 horrea
1384 1588 1585 1627 claudere:

854 1642 1023 1680 Britanni
1049 1643 1188 1681 clausis
1215 1643 1291 1680 suis
1319 1642 1461 1680 horreis
1487 1643 1586 1680 adsi-

853 1696 953 1743 dere,
965 1704 1003 1735 et
1016 1698 1106 1735 cum
1121 1697 1319 1734 frumentis
1332 1697 1597 1743 abimdarent,¹

852 1764 898 1788 ea
929 1752 1055 1789 tame‘n
1089 1750 1188 1789 ultro
1221 1751 1431 1802 grandique
1461 1751 1584 1802 pretio

851 1817 987 1849 emere.
1043 1805 1103 1842 En
1138 1805 1363 1843 ludibrium.
1420 1805 1587 1844 Gravior

851 1859 991 1898 adhuc·
1009 1858 1162 1909 injuria,
1189 1859 1296 1905 cum,
1326 1860 1468 1910 apertis
1498 1859 1584 1898 hor-

851 1913 935 1959 reis,
984 1913 1258 1965 persolutoque
1298 1913 1498 1969 stipendio,
1543 1914 1582 1951 in

850 1967 1018 2005 militum
1052 1979 1098 2005 ac
1129 1967 1297 2018 praesidis
1330 1980 1420 2006 usus
1456 1968 1582 2018 exige·

851 2022 966 2059 batur
993 2022 1239 2065 frumentum,
1273 2022 1376 2071 quod
1409 2021 1582 2059 Britanni

849 2083 953 2112 certo
971 2076 1138 2125 quodam
1156 2088 1201 2112 ac
1218 2075 1290 2112 levi
1306 2074 1477 2125 pretio&
1496 2089 1582 2126 pro-

848 2130 1090 2168 curatoribus
1146 2129 1439 2180 publicanusque
1484 2130 1583 2167 aesti-

849 2191 963 2225 mato,
989 2184 1147 2220 vendere
1176 2184 1442 2235 cogebantur„
1480 2183 1581 2228 Quae

849 2236 1001 2274 tandem
1038 2236 1275 2275 intoleranda
1308 2245 1391 2274 erat
1423 2238 1581 2283 saevitia,

849 2290 1091 2328 indicebatur
1108 2290 1340 2337 civitatibus,
1364 2296 1420 2337 ut,
1449 2303 1523 2328 non
1541 2292 1579 2329 in

847 2343 917 2381 sibi
936 2346 1126 2395 proxima,
1144 2345 1208 2382 sed
1225 2345 1261 2382 in
1285 2352 1435 2383 remota‘
1446 2351 1483 2382 et
1495 2346 1582 2383 avia

849 2398 1018 2445 hiberna,
1035 2412 1103 2449 per
1122 2398 1292 2436 devonia
1304 2399 1484 2436 itinerum
1499 2399 1582 2437 lon-

846 2465 971 2502 gaque
988 2453 1185 2502 regionum
1202 2452 1403 2490 intervalla
1417 2453 1583 2491 frumen-

849 2514 930 2543 tum
947 2506 1146 2544 deferrent.
1203 2507 1267 2544 Sic
1283 2506 1387 2556 quod
1402 2508 1579 2545 omnibus

846 2559 885 2596 in
903 2567 1058 2611 promtu
1075 2567 1168 2606 erat,
1196 2561 1334 2611 paucis
1362 2560 1581 2610 publicanis

846 2612 1044 2652 lucrosum
1064 2614 1192 2652 fiebat.
1249 2615 1293 2651 In
1313 2614 1357 2651 iis
1376 2622 1504 2652 autem
1524 2615 1582 2652 in-

772 2672 775 2674 ’
839 2667 1035 2715 juriarum
1082 2667 1267 2714 versutiis,
1295 2671 1389 2705 ‘non
1425 2668 1581 2707 deerant

845 2721 950 2768 sane,
983 2722 1051 2772 qui
1080 2721 1287 2760 ferociores.
1306 2722 1579 2760 Britannorum

845 2775 990 2812 animos
1013 2776 1125 2813 variis
1149 2774 1326 2814 ludibriis
1343 2776 1580 2826 assiduisque

845 2828 1042 2867 laboribus
1087 2829 1295 2868 domandos
1342 2829 1578 2879 jactitarent.

846 2882 962 2920 Victa
980 2883 1088 2934 plebs
1105 2896 1254 2935 semper
1278 2895 1354 2928 rea,
1374 2883 1470 2921 cum*
1495 2896 1579 2934 pre·

845 2943 977 2976 mitur.
1568 2953 1579 2958 ‘
