1768 3236
60 189 98 228 J.
116 188 162 227 C.
181 185 248 226 68.
345 189 351 205 ³
371 185 517 224 LIBRI
546 182 748 224 DECIMI
778 183 936 222 SEXTI
963 183 1283 224 ANNALIUM.
1526 191 1603 232 473

132 296 211 342 67.
248 290 559 337 GALLORUM
588 286 776 351 quidem
799 298 968 344 certuS,
1001 288 1084 335 sed
1106 287 1347 337 destitutus
1368 289 1606 355 legionum

63 366 253 424 auxilio,
287 364 541 429 Sulpicium
565 364 783 422 Galbam,
803 362 1054 421 ⁴Citerioris
1071 364 1303 427 Hispaniae
1324 368 1335 386 ¹
1359 378 1605 429 rectorem,

67 443 317 501 nobilitate,
340 443 520 506 opibus,
543 443 681 490 rebus
703 441 750 488 in
775 440 1030 502 Germania
1053 452 1097 488 et
1119 440 1282 490 Africa
1305 443 1459 507 gestis,
1482 445 1607 508 apud

63 520 270 585 legiones
301 508 583 577 auctoritate,
617 518 780 566 aversa
798 518 825 565 a
846 517 1057 581 Principe
1095 519 1345 578 voluntate,
1379 521 1437 567 ad
1460 532 1606 568 matu-

67 598 210 644 randa
231 613 338 644 ausa
360 612 456 657 non
477 596 724 646 inhabilem
757 594 976 654 solicitat-3
1014 596 1281 660 scriptisque
1317 596 1471 656 literis,
1505 610 1606 646 orat

70 686 122 721 ut
145 679 178 702 “
202 675 406 722 humano
428 673 586 738 generi
608 683 879 720 assertorem
899 672 1158 736 ducemque
1176 690 1223 719 se
1237 674 1607 725 accommodet:²

73 755 103 776 ‘⁶
126 752 196 799 -ad
240 762 388 815 partes
428 749 650 814 juvandas
695 760 882 796 centum
927 748 1069 795 millia
1103 749 1350 797 Gallorum
1389 762 1542 814 parata
1558 772 1572 811 3
1591 754 1605 779 ³
1628 806 1639 820 ⁹
1674 803 1678 806 Ι
1709 767 1716 769 >

72 833 102 854 “
136 828 291 892 plures
314 844 428 874 mox
451 817 708 885 adfuturos,
742 827 927 875 tan'tfim
949 843 1008 873 ne
1030 838 1298 889 aspernetur
1318 827 1606 892 Principatfis

71 909 102 931 ‘⁴
136 922 281 968 spem,
328 921 424 952 non
460 903 714 968 quaes'itam,
763 904 843 951 sed
881 903 1132 951 oblatam.”
1177 903 1347 951 .Simul
1387 905 1608 969 scriptum

69 982 165 1030 aliis
188 982 475 1030 exercituum
497 981 891 1045 pnovinciarumve
918 981 1188 1038 rectoribuS,
1222 991 1273 1028 ut
1296 971 1456 1045 coeptis
1485 982 1609 1032 fave·
1667 1009 1680 1022 s

70 1071 190 1117 rent,
219 1060 378 1106 saltem
399 1076 458 1106 ne
481 1058 765 1107 obsisterent.
835 1061 901 1104 At
923 1057 987 1115 hi,
1011 1057 1059 1103 in
1080 1069 1352 1120 praesentem
1374 1057 1611 1111 fortunam

71 1135 247 1194 intenti,
264 1147 390 1183 tanto
413 1136 633 1183 solicitius
651 1135 800 1182 literas
822 1134 1000 1207 Neroni
1022 1134 1204 1193 misere,
1219 1147 1389 1198 quanto
1413 1136 1609 1198 avidius,

73 1230 129 1260 eo
152 1213 348 1271 sublato,
382 1213 552 1276 prImas
575 1212 697 1260 exitii
715 1223 865 1276 partes
893 1222 938 1259 et
968 1211 1156 1275 praemia
1182 1211 1265 1259 sibi
1287 1212 1444 1275 postea
1467 1213 1610 1262 vindi·
1687 1249 1703 1262 2

73 1292 270 1338 cavere.⁴
337 1290 489 1338 Galba
528 1301 698 1348 autem,
750 1290 1035 1337 dissimulans
1074 1289 1184 1353 quid
1223 1290 1312 1336 tale
1351 1290 1434 1337 sibi
1472 1289 1612 1343 fuisse

75 1366 313 1431 scriptum,
346 1367 537 1427 restitit3
557 1370 571 1395 ⁵
612 1368 692 1415 sed
722 1366 853 1415 caute
889 1366 1050 1431 magis,
1073 1366 1227 1430 ‘quam
1260 1367 1513 1417 moderate.

144 1527 222 1570 68.
258 1522 345 1570 UT
391 1521 528 1570 sensit
563 1521 748 1569 Vindex
791 1520 990 1569 Galbam
1027 1520 1146 1569 velle
1188 1521 1378 1585 impelli,
1427 1522 1523 1587 ipse
1566 1522 1614 1572 in

77 1599 326 1647 Gallorum
348 1611 576 1647 conventu
599 1598 903 1647 defectionem
925 1610 1112 1662 coeptat,
1135 1610 1350 1664 questus:
1372 1595 1390 1621 ⁶
1423 1605 1456 1627 ‘⁵
1470 1600 1616 1648 Nulla

0 1704 2 1707 >
81 1680 111 1701 “
144 1691 330 1724 manere
364 1677 550 1741 Imperii
584 1678 716 1742 jura:
753 1676 906 1724 omnia
944 1676 1103 1724 sceleri
1137 1687 1320 1740 patere:
1357 1694 1440 1740 per
1474 1694 1614 1725 omne

81 1754 109 1781 “
144 1752 273 1801 nefas
311 1754 572 1802 hominibus
616 1752 791 1800 inludi:
843 1753 1098 1816 provincias
1142 1753 1402 1812 latrociniis,
1450 1755 1616 1805 domos
1643 1742 1662 1752 ”

83 1834 112 1855 “
147 1831 349 1879 caedibus
365 1831 542 1879 vastari.
612 1833 729 1880 Haec
751 1830 976 1894 imperare
989 1832 1245 1889 Neronem,
1268 1830 1347 1895 qui
1364 1848 1448 1895 per
1465 1834 1618 1880 Caesa.

146 1923 240 1956 reae
272 1907 421 1972 stirpis
442 1907 674 1956 excidium
699 1908 759 1954 ad
788 1907 1019 1971 publicam
1041 1907 1221 1955 ruinam
1251 1925 1299 1955 se
1335 1908 1614 1969 accinxerit3

83 1987 113 2010 “
146 2000 206 2033 ne
227 1996 421 2033 matrem
443 1985 630 2049 quidem
651 1984 886 2040 reveritus.
955 1987 1118 2032 Atrox·
1145 1983 1347 2032 facinus!
1382 1985 1431 2032 ni
1452 1974 1616 2034 inorte

85 2065 115 2086 ‘⁶
147 2059 305 2110 fuisset
338 2061 492 2127 digna,
526 2079 632 2126 quae
662 2061 800 2109 talem
821 2072 996 2125 pestem
1029 2060 1254 2109 edidisset.
1322 2061 1460 2111 Illum
1490 2074 1618 2111 tanto

84 2140 117 2164 “
132 2138 468 2208 xinclementius
489 2155 615 2193 nunc
630 2137 842 2199 ferocire,
874 2139 1005 2210 quod
1027 2155 1147 2186 unus
1169 2137 1196 2186 ὲ
1217 2140 1455 2187 Caesarum
1477 2140 1619 2190 domo

85 2219 115 2240 “
148 2226 393 2279 superstes,
425 2231 510 2263 nec
534 2215 774 2274 aemulum,
807 2231 893 2264 nec
911 2216 1109 2275 ultorem
1131 2215 1299 2263 timeat.
1367 2217 1461 2264 Sed
1476 2217 1620 2265 nemi-

86 2297 117 2318 “
149 2307 258 2340 nem
304 2291 383 2339 diu
427 2291 594 2340 vixisse
648 2291 862 2341 omnibus
914 2290 1159 2346 infensum,
1227 2294 1329 2341 Jam
1377 2292 1619 2343 Orientem

83 1911 113 1932 (ζ

144 2490 155 2507 ¹
187 2490 383 2529 Citerioris
430 2491 638 2541 Hispaniae.
690 2491 816 2530 Tacit.
942 2491 962 2515 ⁴
992 2492 1029 2530 V
1027 2492 1250 2533 indicavere.
1305 2491 1503 2531 Plutarch.
1542 2492 1619 2531 loc.

91 2544 192 2582 Hist.
207 2557 237 2581 1.
253 2548 317 2588 49.
339 2545 495 2582 Sueton.
511 2546 550 2582 in
562 2543 705 2591 Galba,
719 2557 816 2583 vm.
889 2547 956 2586 cit.
1326 2552 1329 2553 ’

89 2596 253 2635 Citerior
282 2598 484 2649 Hispania,
511 2611 603 2649 quae·
623 2605 661 2636 et
680 2599 816 2636 Tarra-
945 2598 959 2620 ⁵
988 2599 1162 2637 Restitit.
1217 2599 1352 2648 Neque
1378 2599 1506 2636 statim
1525 2598 1621 2635 Vin-

90 2651 272 2698 conensis,
300 2652 346 2688 de
363 2650 443 2702 qua
462 2665 579 2703 supra
596 2651 737 2691 Annal.
756 2663 819 2690 1v.
891 2653 969 2691 dici
987 2652 1179 2698 credulus,
1204 2665 1326 2703 neque
1345 2653 1489 2690 Neroni
1508 2652 1617 2690 fidus.

90 2707 155 2742 45.
894 2706 1093 2744 Plutarch.
1111 2707 1206 2743 ibid.

146 2753 165 2773 ²
194 2757 242 2796 Se
278 2759 534 2798 accommodet.
589 2759 745 2797 Sueton.
781 2758 821 2796 in
948 2755 967 2777 ⁶
995 2758 1170 2802 Questus.
1215 2760 1329 2803 Hanc
1347 2760 1522 2798 Vindicis
1539 2771 1622 2796 ora-

95 2810 236 2857 Galba,
263 2823 327 2849 ix.
893 2812 1035 2850 tionem
1062 2813 1177 2852 habet
1206 2813 1297 2862 Dio,
1326 2825 1456 2857 mun.
1485 2827 1522 2869 p.
1542 2817 1621 2857 '724

131 2860 163 2895 -³
192 2864 346 2903 Centum
362 2863 480 2902 millia
498 2864 696 2903 Gallorum
710 2878 825 2915 para·
896 2873 932 2911 et
951 2869 1044 2911 725.

97 2922 150 2955 ta.
204 2917 405 2958 Plutarch.
423 2917 461 2956 in
480 2917 623 2968 Galba,
646 2932 686 2970 p.
709 2922 823 2958 1054.
