1768 3236
373 173 452 214 AD
479 172 660 214 VITAM
689 170 778 211 CN.
804 169 917 211 JUL.
941 169 1253 210 AGRICOLAE.
1510 174 1590 218 595

52 275 290 330 Voadicca3
319 276 424 320 MS.
442 276 579 319 Vatic.
598 279 726 323 4498.
751 272 795 315 V
790 272 964 316 oaduca.
1025 271 1205 316 Librarii
1228 279 1366 316 autem
1385 271 1584 329 scripsere

51 351 97 396 V
109 369 187 410 pro
212 351 268 405 B,
299 360 346 394 ut
363 367 471 407 saepe
491 350 531 392 in
548 350 628 391 hoc
646 348 768 399 libro,
803 346 847 388 V
842 346 987 389 olenus
1007 362 1086 402 pro
1108 346 1312 390 Bolanus.

52 434 59 438 “
109 426 259 469 Omisit
289 425 368 468 ira.
429 425 544 467 Bene
568 423 787 466 Rhenanus
808 429 850 463 et
869 420 1125 463 recentiores.
1184 419 1236 463 ln
1265 421 1466 464 veteribus
1498 422 1586 466 edi·

48 500 244 553 tionibus,
274 499 425 542 amisit.

110 574 287 632 Cognito
301 574 525 630 provinciae
543 570 793 614 motu.1ta
812 569 916 612 MS.
937 569 1075 612 Vatic.
1096 575 1225 618 3429.
1255 577 1297 612 et
1318 569 1586 615 Puteolanus.

49 647 122 692 Sic
156 663 320 706 quoque
356 647 544 703 placebat
578 645 645 688 Cl.
679 643 903 688 Ernesto.
929 643 974 686 N
978 659 1031 686 on
1062 644 1118 687 ita
1148 643 1254 687 bene
1285 643 1513 690 Beroaldus
1544 653 1587 689 et

48 723 308 774 recentiores,
338 738 383 765 eo
404 721 566 779 cognito
579 719 805 777 provinciae
825 725 954 760 motu.

111 794 295 853 Propffzls
313 812 364 839 ex
380 796 530 854 legato.
590 787 716 836 Bene*
728 801 882 836 veteres
900 800 942 834 et
961 791 1202 836 recentiores
1219 791 1432 836 editiones.
1463 792 1588 838 Male

54 870 289 923 Rhenanus,
316 871 522 928 propr-Ius.
816 878 819 879 ⁷
1612 908 1620 916 ,

113 943 201 987 Hic
244 944 333 987 c12m
381 944 577 1003 egregius.
617 941 813 997 ·Optime
863 940 1128 984 Puteolanus.
1190 939 1398 997 Corrupte
1447 940 1588 986 MSS.

53 1021 187 1065 vatic.
218 1036 474 1078 nequaquam
506 1016 713 1078 egregius;
753 1026 793 1062 et
822 1033 918 1060 cum
957 1006 1164 1072 superlore
1202 1018 1342 1070 verbo,
1381 1015 1590 1075 agitabat,

55 1097 323 1154 conjungunt.
949 1086 953 1090 ⁴

113 1170 268 1212 Missus
300 1167 538 1211 Petronius.
584 1166 700 1209 Bene
734 1165 961 1208 Beroaldus
981 1173 1023 1208 et
1041 1163 1298 1208 recentiores.
1329 1163 1434 1207 MS.
1452 1162 1589 1207 Vatic.

0 1236 3 1238 ¹
57 1250 184 1292 3429.
214 1254 255 1285 et
278 1242 542 1293 Puteolanus,
571 1242 714 1284 missus
732 1241 877 1299 igitar.

117 1317 178 1360 Et
195 1317 352 1362 delictis
384 1315 555 1358 hostium
578 1331 718 1358 novus.
778 1314 882 1357 MS.
912 1313 1048 1357 Vatic.
1079 1318 1210 1362 4498.
1243 1312 1374 1356 novis.
1435 1311 1594 1367 Melius

59 1391 162 1434 7AIS.
181 1391 317 1434 Vatic.
338 1397 466 1438 3429.
496 1398 538 1432 et
560 1389 652 1431 libri
671 1388 784 1441 editi,
812 1403 952 1432 novus.
1012 1386 1133 1430 blale
1155 1395 1286 1430 tentat
1306 1386 1502 1439 Pichena,
1520 1385 1596 1444 qui

59 1464 231 1508 delictis.
292 1463 452 1507 Melius
475 1464 689 1515 Emesam,
719 1463 754 1505 is
772 1462 948 1505 delictis.
1005 1461 1066 1504 At
1083 1460 1181 1504 nihil
1203 1462 1461 1504 mutandum.
1517 1507 1523 1510 ,

118 1537 168 1581 N
167 1538 259 1581 ullis
277 1546 500 1582 castrorum
518 1537 809 1595 experimentis.
835 1535 901 1578 Ita
914 1535 1052 1578 MSS.
1066 1535 1203 1578 Vatic.
1221 1535 1419 1578 editiones
1439 1542 1595 1579 veteres

58 1622 102 1657 et
121 1613 375 1656 recentiores.
407 1611 662 1668 Perperam
653 1627 694 1653 m
714 1610 1021 1654 Gronoviorum
1041 1609 1300 1661 editionibus,
1329 1607 1480 1651 nullas.

119 1687 340 1733 Indecorus
358 1693 483 1743 atque
501 1684 682 1728 humilis.
741 1683 844 1727 MS.
864 1684 1000 1726 vatic.
1033 1687 1160 1731 3429.
1194 1682 1407 1725 indecoris.
1467 1682 1597 1730 Quod

60 1761 260 1804 monitum
279 1760 404 1812 volui,
434 1776 484 1802 ne
504 1759 602 1817 quid
621 1757 868 1815 antiquitatis
889 1756 1030 1812 fugiat.
1086 1744 1205 1811 Nam
1227 1755 1392 1798 Nonius
1412 1755 1599 1799 Marcel-

59 1835 140 1888 lus,
169 1850 259 1892 cap.
278 1840 326 1888 8.μ
346 1835 484 1877 laudat
502 1850 553 1876 ex
576 1832 721 1884 Accio,
741 1832 782 1874 in
801 1831 1066 1883 Athamante,
1109 1834 1139 1855 “
1153 1830 1272 1887 cujus
1303 1829 1356 1873 sit
1384 1829 1467 1874 vita
1484 1830 1597 1873 inde-

61 1909 181 1962 coris,
211 1918 386 1952 mortem
405 1910 545 1964 fugere
579 1915 743 1963 turpem
777 1903 1007 1949 convenit.”
1052 1903 1175 1947 Dixit
1206 1919 1371 1962 quoqne
1402 1903 1597 1961 Virgiliu-

66 1983 229 2026 AEneid.
249 1997 344 2026 xri.
372 1990 444 2026 25.

570 2134 597 2152 “
616 2129 702 2169 Nec
719 2141 837 2182 genus
854 2125 1083 2167 indecores?

126 2270 246 2313 CAP.
280 2275 346 2316 17.
380 2267 645 2327 Brigantum.
705 2268 809 2312 MS.
842 2267 976 2311 Vatic.
1009 2269 1137 2314 3429.
1171 2261 1447 2321 Bregantum.
1494 2260 1599 2306 MS.

19 2396 35 2407 .
69 2343 348 2392 Vatic.4498.
381 2343 674 2400 Bregantium.

128 2416 366 2474 Amplexus,
394 2423 470 2459 aut
504 2416 624 2459 bello.
684 2415 786 2459 MS.
819 2413 954 2458 vatic.
990 2418 1116 2461 3429.
1175 2409 1381 2468 amplems
1411 2415 1486 2464 est,
1527 2415 1604 2453 aut

74 2490 192 2534 bello.

131 2565 194 2608 Et
213 2564 303 2608 crim
326 2564 503 2608 Cerialis
521 2563 696 2622 quidem.
758 2562 866 2606 Cam
884 2564 999 2605 abest
1031 2560 1057 2604 a
1083 2559 1186 2604 MS.
1206 2557 1344 2601 Vatic.
1376 2562 1504 2606 8429.
1535 2555 1605 2599 Cl.

71 2639 470 2695 Emesto=displicet‚
489 2638 651 2696 quidem
665 2655 679 2680 .-
709 2637 851 2679 mallet
870 2636 1058 2694 cujusvis,
1087 2642 1158 2678 aut
1178 2634 1383 2692 cujusque,
1402 2631 1479 2674 nisi
1498 2631 1606 2674 alter

72 2728 269 2756 successor
283 2713 462 2755 diversus
481 2710 507 2754 a
525 2712 552 2755 J
558 2711 642 2754 ulio
663 2711 862 2754 Frontino
880 2710 1014 2754 fuerit.
1076 2707 1144 2752 Cl.
1175 2706 1418 2760 Tillemont,
1455 2710 1483 2731 “
1504 2704 1608 2748 His-

75 2787 177 2830 toire
216 2789 286 2829 des
319 2785 610 2841 Empereurs,''
641 2784 739 2828 Vol.
765 2799 819 2828 ιι.
850 2800 893 2841 p.
926 2789 997 2828 32.
1034 2782 1239 2828 existimat
1275 2782 1401 2828 fuisse
1431 2778 1604 2826 alterum
