1768 3236
63 216 164 256 J.'C.
182 218 248 253 42.
486 210 632 250 LIBRI
663 209 807 249 NONI
836 209 1155 249 ANNALIUM.
1529 214 1610 255 387

64 317 305 370 Claudius.
372 316 494 380 Ipse,
537 314 716 363 medius
748 313 868 361 inter
902 313 1133 371 consules,
1175 311 1289 361 sella
1339 311 1489 361 curuli
1526 323 1605 361 aut

62 394 308 445 tribunicio
347 391 564 441 subsellio
593 393 774 450 sedens,
807 391 1088 439 adstantibus
1116 390 1318 454 praetorii
1358 389 1603 453 praefectis,

61 471 364 538 praesentibus
391 469 580 529 libertis,
613 470 673 517 ad
705 480 916 518 senatum
943 466 1188 527 referebat,
1225 467 1474 532 laesamque
1508 466 1604 515 ma-

58 551 271 616 jestatem
288 546 605 596 ulciscebatur.

130 709 209 750 38.
244 701 484 748 PRAETER
515 697 651 757 viros,
687 694 894 746 foeminae
937 696 1199 761 complures
1220 695 1269 744 in
1291 712 1475 745 carcere
1493 714 1604 761 sup-

60 779 198 845 plicio
242 776 460 836 adfectae3
476 778 490 798 ¹
525 775 652 840 quod
687 773 894 833 foedius‚²
944 775 1062 833 aliae,
1119 773 1400 838 captivarum
1444 774 1599 834 instar,

61 855 222 904 vinclis
243 866 439 914 onustae,
473 854 532 902 ad
560 853 760 901 tribunal
788 853 1191 917 protrahebantur,
1228 868 1480 917 earumque
1502 869 1604 901 cor-

62 949 178 997 pora
198 932 246 980 in
287 931 541 980 Gemonias
572 930 941 996 projiciebantur.
1011 930 1297 977 Enectorum
1318 929 1433 977 vero
1471 941 1602 978 extra

60 1011 246 1059 Urbem
268 1008 413 1073 capita
435 1008 620 1057 tantum
638 1012 651 1036 ³
675 1008 897 1072 exposita.
966 1007 1145 1055 Liberis
1165 1007 1294 1065 vita,4
1326 1006 1603 1071 quibusdam

60 1098 251 1152 paterna
271 1088 417 1134 bona⁵
451 1086 682 1151 permissa.
753 1086 846 1134 Sed
879 1085 1040 1133 odium
1079 1084 1327 1141 severitatis
1357 1085 1485 1132 auxit
1519 1101 1602 1134 no-

61 1163 430 1213 centissimorum
445 1163 708 1228 impunitaS,
723 1179 864 1228 quam
889 1163 917 1210 a
931 1162 1178 1211 Messalina
1196 1174 1241 1210 et
1258 1161 1428 1210 libertis
1444 1161 1603 1212 favore

61 1252 108 1290 et
127 1239 323 1306 pecunia
345 1242 585 1290 redemere
592 1262 608 1305 3
626 1239 645 1264 ⁶
677 1253 729 1289 ut
751 1241 936 1302 scelere,
979 1241 1041 1290 ita
1063 1252 1108 1289 et
1130 1239 1276 1306 gratia
1292 1239 1498 1290 infames.

127 1397 502 1461 399FERALEM
558 1414 743 1447 scenam
788 1415 1045 1463 paucorum
1083 1396 1308 1446 fortitudo
1347 1397 1601 1447 illustravit.

60 1473 163 1521 Hos
178 1472 298 1521 inter
317 1473 490 1523 famam
507 1477 785 1540 promeritus
802 1488 869 1525 est
884 1478 1132 1536 Galaesus‚⁷
1150 1474 1452 1533 Scriboniani⁸
1471 1475 1606 1524 liber-

59 1561 164 1598 tus:
198 1551 414 1600 inductus
444 1552 638 1600 enimin
667 1553 843 1601 curiam
865 1555 1011 1601 multa
1033 1554 1215 1601 locutus
1237 1563 1305 1600 est
1327 1552 1485 1601 libere.
1555 1557 1605 1602 A

60 1626 280 1676 Narcisso
302 1640 474 1688 autem,
495 1629 544 1678 in
575 1631 780 1679 medium
803 1649 1107 1697 prorumpere
1129 1648 1258 1689 auso,
1281 1630 1606 1695 interrogatus,

64 1703 322 1768 “quidnam
337 1717 510 1771 ageret,
519 1706 556 1755 si
569 1707 894 1757 Scribonianus
909 1709 1154 1773 imperaret
1171 1709 1223 1767 ;''
1242 1706 1351 1755 forti
1367 1725 1603 1772 response,

64 1785 94 1810 “
117 1779 146 1829 Ξ
168 1792 300 1847 tergo
322 1784 520 1844 adstans,
544 1787 800 1846 tacerem,”
820 1788 858 1853 ej
866 1804 920 1835 us
936 1785 1224 1835 insolentiam
1239 1785 1424 1833 retudit.

61 1943 130 1975 est.
186 1938 241 1976 Et
256 1939 339 1976 ideo
356 1939 438 1977 etim
457 1941 502 1978 de
532 1954 573 1979 eo
602 1944 797 1992 quaerz‘tur,

875 1944 967 1982 thm‘
978 1951 1134 1995 paterna
1163 1943 1265 1980 bona
1294 1943 1472 1994 permissa
1506 1948 1608 1990 sunt,

61 1991 166 2029 nulla
181 1992 348 2043 dignitas
360 1994 383 2031 ὰ
394 1995 587 2033 tormentis
598 1996 795 2047 excipitur.

850 2024 853 2031 ·
876 1998 982 2046 quod
1009 2009 1161 2035 reorum
1186 1997 1392 2047 majestatis
1418 1998 1518 2034 bona
1547 1996 1609 2036 vel

874 2050 981 2098 fisco,
1020 2052 1079 2089 vel
1139 2051 1273 2088 aerario
1316 2050 1608 2088 addicebantur.

876 2106 1006 2142 Crevit
1022 2118 1147 2155 poena,
1179 2104 1455 2154 imperantibus
1486 2107 1609 2142 Arca-

80 2096 93 2100 μ
115 2096 131 2114 ι
151 2096 341 2149 sumile-Cio
354 2101 524 2159 adsedi&-
554 2103 649 2141 Haec
668 2108 706 2140 et
718 2116 795 2154 seq.
874 2157 939 2196 dio
955 2166 993 2196 et
1004 2159 1175 2196 Honorio
1208 2158 1276 2208 qui
1293 2170 1370 2195 non
1393 2156 1510 2195 modo
1528 2170 1609 2195 reo-

1178 2187 1189 2205 9

65 2151 158 2198 Dio,
174 2151 268 2191 ibid.

115 2201 135 2220 ²
154 2205 312 2246 Foedius.
353 2209 518 2247 Foeditas
548 2210 650 2247 enim
682 2219 793 2249 atrox

62 2258 232 2297 foeminas
244 2261 377 2300 vinclis
389 2262 550 2310 onerari,
564 2263 613 2300 ad
626 2264 795 2302 tribunal

62 2312 244 2362 protrahi,
272 2328 535 2367 caesarumque
563 2329 724 2368 corpora
755 2319 795 2356 iu

66 2365 274 2404 Gemonias
292 2370 444 2420 projici.

117 2415 132 2438 ³
156 2417 294 2470 Capita
324 2423 484 2462 tantam.
523 2424 574 2463 Et
607 2425 647 2462 hi
689 2430 796 2463 erant

62 2473 134 2511 viri
162 2473 427 2515 honestissimi.
482 2478 600 2524 Nam,
621 2485 665 2516 ut
683 2479 795 2517 docet

60 2525 224 2573 Paulus,
234 2528 310 2567 loc.
321 2530 388 2568 cit.
419 2531 651 2570 Humiliores
671 2532 796 2570 bestiis

60 2579 303 2634 objiciuntur,
314 2584 375 2622 vel
390 2584 468 2622 vivi
486 2591 694 2623 exuruntur
701 2602 716 2630 ;
734 2586 797 2623 Ιιο-

61 2634 240 2673 ηεετίονεε
258 2637 380 2687 capite
389 2637 612 2687 puniuntur.
648 2639 738 2689 Non
757 2641 796 2677 in

60 2686 180 2734 Urbe,
198 2690 263 2727 sed
280 2697 390 2729 extra
409 2691 553 2730 Urbem
580 2693 799 2743 plecteban-

63 2745 140 2779 tur.
170 2742 270 2780 Vide
288 2744 428 2783 Annal.
451 2757 479 2783 1.
499 2743 566 2784 61.
584 2754 621 2784 et
639 2759 712 2784 xv.
730 2744 796 2789 67.

114 2791 136 2815 ⁴
152 2793 190 2833 V
186 2795 257 2835 ita.
286 2797 499 2848 Imperante
512 2799 666 2837 Tiberio
677 2801 716 2838 in
733 2800 798 2838 Se-

31 2871 38 2889 ,
57 2847 144 2897 jani
178 2848 317 2888 liberos
352 2853 489 2890 acerbe
526 2854 715 2900 saevitum,
754 2862 798 2891 ut

62 2901 230 2940 vidimus
243 2903 284 2941 in
295 2904 432 2956 Suppl.
443 2907 544 2943 Anu.
558 2919 598 2944 v.
610 2911 660 2956 43
679 2916 717 2944 et
732 2910 798 2951 49.

118 2951 134 2975 ⁵
154 2955 323 2995 Paterna
341 2959 447 2996 bona.
472 2960 564 3007 Dio,
579 2957 798 3011 Lx.p.675.

2 3043 18 3059 .-
65 3007 158 3047 Non
175 3011 366 3060 omnibus,
384 3012 449 3050 sed
467 3014 699 3064 quibusdam
718 3023 801 3052 tan—

876 2225 961 2250 rum
981 2212 1188 2262 majestatis
1216 2213 1315 2248 bona
1338 2211 1430 2248 fisco
1457 2211 1610 2261 adjudi-

876 2278 1028 2312 cavere,
1044 2266 1109 2304 sed
1129 2278 1260 2303 eorum
1296 2277 1451 2315 quoque
1470 2265 1608 2302 liberos

875 2321 924 2356 ab
957 2320 1061 2357 omni
1095 2319 1305 2358 hereditate
1336 2326 1375 2355 et
1425 2320 1610 2370 dignitate

875 2373 1086 2420 eitclusere,
1099 2379 1144 2411 ut
1154 2385 1300 2422 semper
1309 2372 1434 2410 miseri
1449 2373 1608 2410 taedium

874 2427 974 2473 vitae,
987 2428 1193 2477 mortisque
1205 2426 1472 2476 cupiditatem,
1489 2427 1528 2464 in
1540 2439 1609 2477 pa-

874 2481 970 2519 terni
1007 2481 1156 2519 sceleris
1194 2492 1343 2531 poenam
1377 2486 1428 2517 *et
1459 2480 1608 2528 odium,

876 2534 1015 2604 pa{⁵im
1035 2534 1338 2624 circumserssent.
1368 2587 1391 2623 b
1409 2586 1433 2624 d

966 2588 1180 2626 Redemere.
1276 2587 1314 2624 io
1352 2586 1363 2623 i
1394 2587 1405 2624 i
1438 2616 1447 2624 .

930 2638 947 2661 ⁷
964 2641 1149 2680 Galoesus.
1177 2641 1273 2679 Rem
1300 2615 1429 2678 n’arrat
1457 2639 1610 2678 laudat-

877 2706 952 2743 que
967 2695 1058 2742 Dio,
1075 2695 1170 2732 ibid.
1199 2695 1245 2731 In
1262 2694 1427 2731 mediam
1445 2695 1608 2739 curiam,

874 2754 913 2785 et
947 2755 1034 2786 ante
1093 2748 1311 2799 Principem
1363 2760 1612 2798 prorumpere

877 2814 991 2839 ausus
1010 2808 1064 2839 est
1084 2802 1301 2839 Narcissus.

931 2852 946 2874 ⁸
965 2855 1214 2894 Scriboniani.
1257 2854 1432 2892 Galaesus
1450 2853 1611 2892 libertus

878 2914 959 2946 erat
978 2909 1081 2946 Furii
1102 2908 1258 2946 Camilli
1292 2907 1544 2951 Scriboniani,
1562 2906 1612 2943 de

879 2975 957 3014 quo
975 2975 1095 3014 supra
1108 2974 1193 3012 cap.
1209 2965 1274 3000 35.
