1768 3236
171 179 251 227 ‘476
698 181 1148 221 suvazMssN'ruM
1225 161 1230 167 ”
1419 185 1470 222 A.
1488 183 1535 223 U.
1552 183 1599 223 e.
1617 186 1711 243 ευ.
1731 223 1740 230 ,

104 290 108 294 “
175 290 206 311 “
239 285 460 334 naretur”
483 284 743 359 insectatus,
759 285 913 341 subito
936 287 994 334 ad
1016 284 1405 334 nobilissimorum
1420 301 1727 353 quorumque,

174 364 263 411 hoc
286 363 547 427 Principatu
570 362 906 426 trucidatorum
928 361 1183 427 imagines,¹
1218 363 1360 429 longo
1382 363 1545 412 ordine
1566 363 1718 428 dispo÷

174 440 280 488 sitas
300 441 451 498 vertit,
475 452 520 488 et
542 439 771 506 geminato
794 439 933 496 animi
955 457 1006 488 ac
1021 440 1145 488 vocis
1162 441 1344 499 ardore,
1368 445 1401 468 “
1415 438 1716 500 Non-meis?

175 517 339 581 inquit,
389 522 422 544 ‘⁶
446 517 612 575 verbis,
653 518 733 568 sed
778 516 937 564 vestris
981 517 1125 565 oculis
1162 518 1401 565 Neronem
1439 516 1739 583 cognoscite„

181 598 209 619 “
245 594 631 658 Contemplamini
661 594 880 658 pallentes
917 605 985 642 tot
1020 596 1259 644 Caesarum
1296 595 1468 654 vultus,
1517 593 1720 644 Neronis

182 676 211 697 “
230 678 439 735 patrem,
485 683 697 729 matrem,
745 687 960 730 uxorem,
995 670 1202 732 fratrem,
1244 689 1470 732 sororem,
1515 673 1720 732 amitam,

181 753 212 774 “
230 789 232 794 ,
244 749 545 813 propinquos,
599 749 791 807 adfines,
847 764 1042 808 veneno,
1097 748 1241 809 ferro,
1296 749 1510 798 omnibus
1559 748 1721 809 mortis

184 831 215 852 ‘⁴
247 826 507 891 generibus·
531 826 750 873 *sublatos
799 826 860 873 ob
907 826 1113 874 rabidam
1167 827 1389 892 regnandi
1443 826 1733 895 cupidinem„

185 906 215 929 '“
251 902 599 966 Circumspicite
623 904 848 963 Burrum,
882 905 1178 963 Lateranum,
1213 903 1473 964 Vestinum,
1497 906 1556 954 C.
1575 903 1723 953 Cassi-

186 986 215 1007 “
250 998 348 1039 um,
382 980 581 1049 Lucium
603 982 837 1043 Veterem,
872 992 917 1028 et
938 991 1006 1027 tot
1029 981 1173 1029 Urbis
1209 980 1432 1044 primores
1453 981 1512 1029 ad
1533 980 1723 1030 servitu·
1766 1029 1768 1033 ,

185 1063 215 1085 “
248 1059 304 1105 tis
352 1058 605 1106 subsidium
655 1058 830 1106 crudeli
876 1053 970 1106 fato
1026 1071 1271 1122 peremtos.
1340 1061 1521 1117 Vestra,
1574 1068 1724 1107 vestra

185 1140 215 1163 “
249 1136 399 1184 videte
434 1135 918 1200 ingenia‚²1Annaeu,m
943 1138 1183 1195 Senecam,
1216 1135 1444 1201 sapientiae
1472 1147 1725 1201 praeceptos

187 1218 217 1240 “
250 1230 350 1262 rem
373 1206 418 1261 et
440 1213 725 1276 exemplum,
759 1217 995 1262 Annaeum
1025 1216 1285 1273 Lucanum,
1318 1213 1575 1262 animosum
1594 1215 1725 1279 juvo-

189 1295 220 1318 “
252 1309 379 1350 nem,
412 1290 674 1354 reipublicae
697 1291 857 1354 spiritu
879 1292 1087 1355 plenum,
1122 1303 1167 1340 et
1189 1291 1422 1340 clarissimi
1443 1291 1524 1338 filii
1545 1291 1724 1356 paltem

190 1373 219 1395 “
253 1369 498 1433 optimum,
516 1370 753 1415 Annaeum
775 1369 968 1428 Melam,
990 1386 1074 1432 per
1095 1369 1315 1416 invidiam
1332 1368 1571 1417 extinctos.
1626 1368 1726 1416 Has

193 1451 222 1474 “
255 1447 433 1494 virtutis
479 1445 700 1510 imagines
745 1445 944 1508 aspicite,
991 1440 1244 1494 Thraseam
1287 1447 1485 1504 Paetum,
1531 1447 1727 1494 Baream

191 1529 220 1552 ‘⁴
255 1527 484 1573 Soranum
529 1534 678 1572 morte
716 1524 948 1583 multatos,
984 1523 1110 1588 quasi
1149 1541 1256 1572 cum
1290 1523 1394 1587 ipsis
1432 1523 1575 1571 virtus
1610 1532 1728 1582 esset
1756 1554 1759 1558 -

192 1606 220 1629 “
255 1602 612 1650 commoritura:
666 1603 883 1650 Inlustres
927 1601 1156 1660 foeminas,
1197 1601 1417 1660 Sextiam,
1463 1600 1728 1660 Pollutiam,

191 1685 219 1706 ‘⁴
254 1680 491 1728 Serviliam
531 1680 718 1739 cernite,
752 1681 882 1727 nullo
917 1682 1113 1744 pudore,
1159 1680 1411 1726 reluctante
1453 1676 1635 1736 natura,
1667 1674 1757 1726 ad*

188 1762 218 1784 “
251 1757 469 1822 supplicia
493 1769 685 1805 vocatas.
721 1757 930 1820 Inspicite
947 1757 1091 1821 ipsam
1103 1755 1355 1815 infantiam,
1373 1755 1523 1819 culpoe
1539 1755 1724 1814 rudem,

185 1839 216 1860 “
250 1834 398 1898 poenis
420 1836 671 1894 subditam3
712 1837 941 1883 Rufinum
965 1834 1229 1898 Crispinum
1245 1836 1258 1861 ³
1282 1835 1341 1881 ob
1365 1832 1570 1897 pueritiae
1593 1832 1722 1881 lusus

191 1916 221 1938 “
255 1912 368 1959 mari
391 1914 667 1961 demersum.
720 1914 879 1970 Hunc,
903 1912 1027 1959 hunc
1052 1900 1266 1974 despicite
1288 1910 1510 1958 tenellum
1531 1920 1577 1957 et
1598 1907 1727 1957 nobi-

192 1995 221 2016 “'
258 1990 349 2037 lem
378 1991 607 2053 puerum''
635 1989 879 2054 (infantem
916 1978 1195 2037 monstrabat
1216 1989 1263 2035 in
1286 1988 1509 2036 Baleares
1528 1985 1730 2054 insulas⁴

131 2070 134 2072 ’
190 2068 218 2115 a
239 2069 429 2115 Nerone
468 2069 681 2132 ejectum,
723 2084 863 2131 quem
901 2066 1007 2113 inde
1043 2066 1141 2132 ipse
1182 2075 1451 2123 retraxerat,
1492 2074 1544 2111 ut
1581 2048 1730 2128 major

190 2145 448 2192 exoriretur
470 2144 722 2207 miseratio)
746 2150 778 2172 ‘⁶
797 2144 929 2192 sortis
950 2161 1045 2192 suae
1070 2143 1202 2210 aeque
1218 2160 1269 2190 ac
1288 2141 1486 2190 criminis
1506 2139 1730 2209 nescium,

195 2228 223 2247 “
258 2238 514 2287 numquam
546 2223 710 2282 civem,
739 2223 835 2288 jam
871 2223 1072 2271 exulem.
1104 2251 1107 2254 ,
1140 2222 1258 2270 Haec
1279 2218 1479 2268 Neronis
1501 2214 1739 2266 facinora!-

247 2407 259 2425 ¹
292 2406 498 2457 Imagines.
546 2408 702 2445 Sueten.
723 2407 758 2444 in
780 2407 923 2455 Galba,
1001 2408 1158 2446 ducatus
1179 2410 1214 2443 ct
1235 2405 1387 2455 imperia
1408 2403 1548 2448 ludere,
1565 2413 1732 2460 mergen-

195 2474 237 2498 Χ.
277 2462 471 2498 Orationis
491 2474 679 2499 summam
698 2461 812 2501 habet
832 2462 924 2500 Plu·
1003 2463 1087 2499 dum
1118 2460 1225 2505 mari,
1254 2459 1336 2496 dum
1368 2458 1589 2508 piscaretur,
1615 2466 1734 2494 &ertu

193 2515 359 2558 tardius,
388 2514 463 2552 loc.
485 2515 550 2552 cit.
1002 2514 1118 2566 ipsius
1135 2511 1383 2551 demandavit.

244 2565 261 2582 ²
298 2568 331 2605 V
333 2573 434 2605 ‹as-tra
453 2568 573 2606 ridete
594 2569 755 2617 ingenia.
812 2567 922 2605 Sene-
1059 2566 1080 2588 ⁴
1108 2567 1155 2604 In
1177 2566 1353 2604 Baleares
1371 2563 1524 2602 insulas.
1578 2562 1735 2601 Sueton-
1751 2568 1763 2578 ³

193 2634 251 2665 Ga,
287 2621 479 2666 ananus,
521 2623 752 2661 immortalia
786 2623 925 2672 Hispa·
1002 2620 1038 2657 in
1061 2620 1201 2664 Galba,
1223 2632 1265 2656 x.
1284 2620 1457 2656 adstante
1473 2615 1587 2655 nobili
1604 2625 1734 2666 puem,

192 2675 265 2712 niae
309 2676 458 2719 decora,
502 2676 698 2722 Corduba,
740 2674 923 2720 Cordum,
1001 2687 1104 2724 quem
1124 2674 1328 2711 exulantem
1345 2669 1564 2722 exprosimd
1581 2667 1736 2708 Baleari

193 2729 359 2766 oriundi.
1000 2727 1134 2773 insuld,
1148 2728 1191 2764 ob
1205 2727 1244 2764 id
1258 2725 1386 2775 ipsum,
1405 2723 1605 2766 acciverat.
1637 2721 1734 2760 Haec

245 2778 261 2800 ³
296 2781 465 2832 Rufinum
487 2782 708 2832 Crispinum.
767 2783 923 2820 Sueton.
1001 2781 1124 2819 insula
1182 2779 1294 2817 hodie
1339 2779 1482 2815 dicitur
1524 2775 1735 2820 Mauorte,

193 2837 231 2872 in
253 2836 344 2873 Nor.
374 2848 513 2874 xxxv.
569 2837 792 2887 Privignum
825 2837 924 2886 Rufi·
1000 2848 1115 2884 quam
1135 2833 1248 2884 vulgo
1268 2832 1560 2884 pronuntiamus
1581 2828 1734 2881 Major-

194 2903 277 2926 mcm
319 2888 541 2940 Crispinum,
586 2888 746 2940 Poppaea
784 2896 925 2936 walam,
999 2902 1055 2933 ca,

195 2943 409 2993 impuberem
439 2944 572 2991 adhuc,
613 2943 924 2995 quiaj'erebatur
