1768 3236
1 182 5 185 ’
59 188 248 234 13046.

461 189 607 228 LIBRI
638 186 841 234 DECIMI
869 185 1192 230 ANNALIUM.
1236 185 1244 191 ’

1523 192 1605 235 438

60 316 97 354 ‘.‘
129 308 295 370 comiS,
327 308 542 359 coeruleis
563 307 727 370 oculis,
748 307 843 359 oris
862 323 979 358 sono
1000 308 1138 368 truci,
1170 308 1303 358 nullo
1324 311 1608 377 commercio

59 393 97 420 ‘⁶
129 389 331 456 linguae:
389 385 499 436 feris
537 386 725 452 quidem
769 387 1039 452 persimiles,
1095 398 1272 436 coetum
1315 388 1604 456 reliquorum

59 472 96 499 ‘⁸
128 466 395 517 mortalium
431 464 625 532 fugere:
660 465 794 514 mites
830 477 1003 525 tamen,
1032 467 1197 532 justos,
1230 468 1507 517 commercia
1543 460 1607 520 ita

59 551 97 576 ‘⁶
129 561 368 612 peragere,
399 556 451 593 ut
473 545 704 594 fluminis¹
728 545 946 594 ulteriore
965 544 1067 610 ripa
1089 562 1266 594 merces
1287 545 1453 611 positas
1469 550 1606 613 juxta

60 629 96 654 “
129 624 307 689 venalia
326 624 507 683 tollant,
532 623 570 672 si
591 624 767 689 placeat
787 623 1077 688 permutatim
1080 624 1114 645 ''
1183 624 1321 675 Tales
1343 625 1532 675 virtutes
1553 626 1603 675 in

59 701 226 750 tah‘bus
248 700 514 750 hominibus
535 701 695 767 aliquis
718 700 839 750 forte
863 702 1119 762 mirabitur,
1153 703 1346 752 miretur
1367 704 1513 770 magis
1534 715 1603 752 tot

59 778 292 844 periculis,
323 775 540 844 impensis
574 779 803 841 maximis,
837 792 883 830 et
904 780 1028 831 lenta
1050 781 1256 847 quidem,
1288 782 1371 830 sed
1401 781 1526 831 certa
1557 791 1604 830 et

60 856 341 921 irreparabili
378 857 556 922 imperii
591 857 744 918 ruina,
779 859 1042 908 matronalis
1080 859 1276 910 libidinis
1311 861 1569 910 velamenta
1585 863 1603 883 ²

61 933 199 983 simul
222 946 268 984 et
287 934 575 1001 inritamenta
595 937 702 986 inde
726 938 922 987 arcessi.³

65 1159 151 1184 mus
169 1161 286 1199 supra
304 1149 411 1188 Seras
427 1163 504 1189 esse
523 1151 599 1203 Scy
601 1151 696 1190 thas.
752 1152 793 1191 Si

63 1201 149 1250 quis
167 1203 255 1240 ver&
274 1216 375 1242 nunc
403 1218 535 1242 eorum
565 1207 794 1256 magnitudi-

65 1265 165 1302 nem,
182 1256 317 1295 rutilas
335 1270 479 1304 comas,
499 1260 681 1297 coeruleos
699 1274 794 1298 ocu-

65 1306 122 1347 los
142 1310 311 1349 conferat
322 1324 409 1350 cum
423 1312 468 1350 iis
479 1326 565 1363 quae
583 1314 689 1352 dicta
705 1320 794 1352 sunt

64 1374 182 1413 supra
197 1365 236 1401 in
254 1365 355 1403 libro
373 1367 417 1404 de
446 1367 620 1406 Moribus
639 1368 794 1406 Germa-

65 1429 209 1463 norum,
237 1431 324 1470 cap.
356 1423 396 1458 4.
450 1420 620 1459 Habitus
654 1435 794 1472 quoque

65 1483 272 1521 corporum,
304 1487 519 1524 quamquam
543 1474 581 1511 in
601 1480 707 1513 tanto
733 1476 796 1513 lzo-

63 1523 200 1562 minum
217 1539 380 1574 numero,
396 1528 491 1566 idem
509 1529 692 1567 omnibus:
713 1535 795 1567 tra-

65 1591 125 1616 ces
147 1584 184 1616 ee
209 1581 356 1619 caerulei
384 1582 493 1627 oculi,
520 1582 646 1621 rutiloe
674 1596 793 1630 cmnoe,

65 1644 202 1683 magna
224 1647 408 1684 corpora3
438 1647 578 1673 novum
595 1636 665 1674 erit
684 1650 795 1686 argu-

66 1693 239 1725 mentum
268 1689 478 1727 Germanos
508 1703 585 1727 esse
612 1689 796 1742 Scythica

66 1740 224 1790 origine.
277 1742 420 1780 Truces
465 1756 619 1793 quoque
660 1744 795 1782 Serum

63 1795 146 1831 soni
174 1797 413 1845 asperitatem
436 1797 625 1849 Scythicae
652 1798 793 1848 linguae

65 1855 245 1899 arguunt.

121 1954 135 1972 ¹
165 1955 358 1994 Fluminis.
412 1957 571 2005 Plinius,
619 1970 678 1996 v1.
727 1963 789 2003 17.

65 2009 235 2048 Primum
267 2022 390 2048 eorum
422 2011 591 2061 (Serum)
623 2012 793 2050 noscitur

49 2065 198 2114 flumen
241 2063 431 2103 Psitaras.
488 2066 648 2104 Flumen
692 2066 791 2103 illud

65 2117 166 2154 idem
199 2130 276 2155 esse
302 2118 425 2166 debet,
453 2120 558 2170 quod
574 2132 677 2158 nunc
697 2119 793 2157 dici-

65 2177 131 2209 tur
174 2171 214 2209 Y
212 2171 376 2223 erghien.
431 2174 620 2211 Ulteriore
661 2180 791 2211 autem

63 2224 152 2276 ripa
196 2226 435 2276 ponebantur
449 2228 460 2240 ‘
477 2240 632 2274 merces,
684 2227 791 2278 quud

65 2280 297 2318 commercia
313 2282 568 2330 expectabant
587 2282 706 2329 Seres,
722 2287 794 2320 tes-

64 2339 103 2372 te
119 2332 257 2378 Plinio,
285 2333 381 2370 ibid.

119 2383 139 2402 ²
183 2386 369 2425 Libidinis
412 2388 630 2426 velamenta.
686 2388 792 2435 Inde,

64 2439 157 2480 cuin
179 2440 284 2478 varia
302 2441 483 2479 Romanae
510 2441 676 2479 luxuriae
708 2455 794 2492 por-

65 2499 172 2532 tenta
199 2495 445 2533 recensuisset
475 2495 632 2540 Seneca,
660 2495 790 2533 addit:

68 2548 186 2588 Video
203 2548 342 2587 serica-s
369 2554 501 2596 vestes,
527 2549 562 2586 si
587 2554 705 2587 vestes
731 2562 794 2587 vo-

0 2628 2 2630 *
64 2602 194 2641 candae
206 2607 307 2650 sunt,
335 2604 374 2641 in
392 2603 519 2654 quibus
538 2602 633 2640 nihil
647 2608 705 2641 est
721 2615 792 2653 quo

64 2654 215 2707 dffendi
253 2662 321 2695 aut
359 2670 506 2708 corpus,
532 2661 599 2694 aut
641 2656 795 2707 denique

59 2709 187 2760 pudor
208 2710 357 2760 possit.-
389 2711 520 2761 quibus
549 2710 695 2758 sumtis,
722 2722 800 2748 mu-

67 2763 139 2801 lier
159 2763 298 2814 partlm
330 2763 484 2817 liquida,
511 2763 646 2802 nudam
668 2777 707 2802 se
726 2776 799 2801 non

66 2829 157 2866 esse,
172 2817 340 2871 jurabit.
394 2817 493 2859 Hoec
525 2817 672 2870 ingenti
703 2830 802 2857 sum-

865 1150 938 1198 md,
950 1152 995 1189 ab
1012 1151 1153 1202 ignotis
1169 1149 1278 1188 etiam
1289 1149 1339 1187 ad
1349 1147 1600 1187 commercium

864 1206 1037 1257 gentibus
1069 1209 1325 1249 accersuntur,
1352 1208 1395 1239 nt
1421 1208 1600 1242 matronoe

867 1265 1018 1307 nostroe,
1044 1272 1090 1296 ne
1121 1257 1306 1296 adulteris
1337 1256 1482 1310 quidem
1511 1256 1600 1307 Plus

867 1313 926 1351 sui
961 1314 1000 1351 in
1031 1312 1210 1358 cubiculo,
1241 1311 1350 1362 qusint
1380 1309 1419 1347 in
1449 1306 1600 1360 publico

868 1368 1078 1405 ostendant.
1143 1366 1275 1403 Senec.
1311 1364 1356 1402 de
1389 1363 1600 1412 Beneficiis,

869 1433 947 1458 v11.
966 1426 1005 1466 9.
1055 1421 1151 1457 Haec
1169 1420 1290 1457 serica
1307 1430 1403 1455 auro
1421 1417 1599 1467 repende-

871 1475 1008 1512 bantur
1018 1489 1029 1520 3
1058 1474 1143 1510 idco
1174 1474 1335 1510 miratur
1362 1472 1504 1509 Seneca
1523 1472 1600 1509 Ro-

872 1541 1002 1567 manos
1020 1540 1094 1564 non
1111 1540 1217 1577 posse
1245 1526 1399 1564 vestitos
1423 1539 1498 1563 esse
1519 1525 1599 1563 sine

871 1582 1083 1620 commercio
1097 1580 1242 1630 Serum.
1282 1580 1362 1617 Sub
1379 1580 1599 1630 principatu

869 1636 1026 1682 Tiberii,
1052 1635 1293 1672 interdictum
1310 1647 1354 1671 ne
1371 1633 1485 1672 vestis
1507 1632 1602 1671 seri·

871 1703 914 1727 ca
931 1690 1032 1728 viros
1037 1688 1221 1740 faedaret.
1248 1687 1373 1725 Tacit.
1390 1687 1531 1725 Annal.
1548 1698 1600 1725 11.

871 1747 937 1781 33.
966 1742 1127 1789 ,Postea
1165 1741 1237 1792 ipsi
1271 1741 1410 1779 milites
1446 1740 1599 1778 sericati

870 1798 1063 1842 incessere,
1089 1796 1179 1834 cum
1209 1796 1256 1832 de
1288 1794 1434 1833 Judaeis
1464 1795 1599 1832 trium-

869 1851 1029 1902 pharent
1054 1850 1308 1901 Vespasianus
1336 1856 1374 1886 et
1399 1848 1524 1895 Titus,
1553 1853 1598 1886 ut

871 1905 1040 1942 diximus
1072 1905 1111 1941 in
1137 1904 1317 1955 Append.
1348 1902 1398 1939 ad
1428 1903 1529 1940 Hist.
1554 1914 1595 1940 v.

870 1962 935 1997 50.

922 2009 938 2031 ³
985 2011 1153 2049 Arcessi.
1235 2009 1338 2046 Inter
1384 2009 1597 2060 peregrinas

869 2078 1011 2104 merces
1029 2065 1077 2102 ad
1095 2062 1256 2115 vectigal
1284 2062 1510 2113 pertinentes
1540 2076 1597 2101 re-

870 2125 1068 2157 censentur
1097 2118 1120 2156 a
1141 2116 1357 2162 Marciano,
1383 2117 1422 2154 in
1452 2117 1596 2167 Digest.

873 2173 979 2213 Libr.
994 2185 1159 2211 XXXIX.
1176 2172 1253 2209 Tit.
1267 2174 1307 2207 4.
1323 2171 1369 2207 de
1381 2170 1597 2209 Publicanis

868 2232 905 2264 et
924 2227 1181 2278 vectigalibus.
1227 2225 1315 2274 ch.
1338 2221 1399 2263 16.
1413 2224 1526 2262 vestis
1542 2238 1599 2262 se-

869 2280 961 2326 rica,
1002 2281 1062 2318 vel
1092 2278 1290 2323 subs-crica,
1329 2278 1390 2316 vel
1420 2278 1599 2326 attincta,

867 2335 1056 2380 carbasea,
1099 2346 1204 2371 nemu
1246 2331 1415 2369 sericum.
1472 2332 1600 2370 Nema.

867 2394 993 2426 autem
1006 2387 1170 2425 sericum
1185 2393 1274 2424 sunt
1289 2385 1408 2423 serica
1421 2385 1498 2433 fila,
1510 2398 1598 2436 quae

866 2441 1181 2479 redordiebantur
1223 2452 1450 2490 rursumque
1495 2446 1599 2477 texe·

868 2496 960 2533 bant
975 2495 1137 2532 foeminae
1148 2495 1344 2539 Romanae,
1358 2503 1401 2531 ut
1411 2507 1459 2531 ex
1472 2493 1599 2531 Plinio

867 2549 1083 2587 notavimus
1099 2561 1228 2599 supra.
1280 2547 1398 2585 Nunc
1417 2554 1598 2598 superest,

868 2610 913 2641 ut
932 2602 1220 2653 Inscriptionem
1250 2599 1362 2638 arcsss
1390 2601 1599 2648 Secusiani,

869 2655 980 2704 Suza,
1007 2656 1047 2693 in
1067 2656 1276 2700 Piedmon?‚
1293 2655 1484 2705 egregium
1504 2655 1598 2694 Cot-

869 2710 913 2748 tii
931 2715 1233 2756 monumentum,
1250 2714 1524 2760 repraesentem.
1552 2709 1599 2747 Id

871 2764 972 2804 enim
989 2764 1148 2817 promisi
1166 2775 1296 2816 supra.
