1768 3236
438 192 724 234 DIALOGUS
753 192 831 231 DE
861 192 1228 235 ORATomssus.
1529 197 1606 245 193

58 315 200 365 quam
221 313 479 364 numquam
501 314 691 357 novere,
708 309 788 346 aut
810 297 848 346 si
868 313 1059 357 novere,
1092 315 1350 364 numquam
1366 295 1614 368 'discipulis-

55 389 166 426 sunt
188 377 415 436 tradituri,
449 378 564 426 cum
589 377 854 425 scholarum
885 376 1030 425 taediis
1053 378 1127 425 vel
1151 378 1321 426 decora
1350 393 1607 446 praecepto-

57 471 166 503 rum
187 454 369 521 ingenia
391 456 675 515 deterantur,
710 455 1044 519 discipulorum
1066 456 1338 504 obruantur.
1405 460 1608 510 Lentifis

57 543 212 580 tamen
259 544 433 581 mutata
474 531 634 581 fuisset
677 533 843 581 veteris
883 532 1158 597 eloquentiae
1205 532 1374 593 forma,
1427 536 1464 583 si
1506 537 1607 587 sola

54 609 334 676 ingruissent
369 611 634 659 scholarum
667 610 789 658 vitia.
858 613 925 658 At
957 611 1036 658 ubi
1066 627 1376 675 supervenere
1407 615 1606 676 pessima

21 750 27 758 κ
56 688 288 752 exempla,
327 691 555 757 juvenum
591 688 788 747 licentia,
833 687 1161 753 popularisque
1199 690 1457 749 assentatio,
1503 703 1607 742 tum

55 767 319 832 eloquentia
351 766 573 831 praecipiti
618 783 726 815 casu
767 766 815 813 in
855 766 1133 814 exitiabilem
1171 767 1611 834 irreparabilemque

56 845 239 893 ruinam
262 845 475 910 prolapsa
497 857 594 905 est3
632 861 812 910 nosque
839 846 897 893 ad
929 862 1022 904 eas,
1058 845 1225 910 quibus
1259 862 1384 895 nunc
1406 859 1610 896 coarcta-

32 928 183 984 'mur,
222 923 378 972 diserti
416 922 640 971 sermonis
685 923 917 988 angustias
956 922 1130 970 fuimus
1169 923 1356 971 detrusi.
1444 923 1609 988 Quam

54 1013 211 1051 autem
234 1001 440 1068 pessimis
461 1000 686 1067 exemplis
709 1001 757 1048 id
774 999 913 1049 fuerit
935 999 1110 1050 factum
1132 1001 1218 1066 ipsi
1238 1002 1426 1051 vidistis.

122 1159 183 1206 V.
218 1158 467 1206 ILLORUM
509 1156 632 1206 enim
671 1168 938 1222 temporum
977 1157 1264 1217 meministis,
1300 1157 1468 1223 quibus
1501 1159 1606 1208 haec

55 1235 211 1285 civitas
232 1234 388 1296 famae,
422 1253 563 1300 quam
585 1236 724 1284 armis
752 1236 984 1301 literisque
1005 1247 1259 1301 paraverat,
1292 1248 1504 1301 pertaesa,
1536 1237 1608 1286 in-

55 1325 248 1363 tentatas
268 1313 367 1362 iniit
382 1313 495 1372 vias,
518 1325 570 1361 ut
592 1329 689 1361 non
706 1315 793 1379 maj
801 1330 956 1373 orum,
990 1315 1073 1362 sed
1095 1315 1205 1374 suis,
1239 1315 1452 1364 laudibus
1485 1315 1607 1364 cele-

55 1394 282 1441 braretur.
354 1391 645 1457 Reipublicae
668 1391 887 1439 libertas
874 1409 922 1439 m
951 1391 1220 1457 Principum
1242 1391 1606 1442 dominationem

54 1482 268 1531 cesserat,
301 1487 559 1534 eorumque
595 1470 769 1518 artibus
799 1471 1058 1532 cavebatur,
1092 1482 1144 1518 ut
1181 1468 1381 1519 fastidita
1407 1469 1606 1520 externa.

53 1559 302 1614 vetereque
324 1546 474 1614 gloria
507 1547 591 1595 toti
619 1548 679 1595 ad
702 1548 974 1597 domesticas
1007 1565 1244 1614 novasque
1274 1530 1457 1597 delicias
1493 1564 1605 1597 con-

52 1637 356 1676 verteremur.
425 1625 590 1675 Dum
577 1642 626 1673 m
649 1626 750 1674 haec
765 1626 857 1674 otia
877 1627 1172 1686 resolvimur,
1187 1637 1232 1675 et
1249 1644 1388 1675 suum
1406 1626 1606 1691 quisque

52 1703 296 1770 ingenium·
309 1703 436 1752 miris
458 1703 608 1751 modis
625 1714 920 1768 contorquet,
938 1704 1105 1769 quibus
1122 1704 1304 1770 ignotos
1327 1705 1383 1752 ad
1403 1704 1604 1770 gloriam

52 1782 202 1831 aditus
223 1780 412 1847 aperiat,
446 1798 608 1830 omnes
629 1781 736 1830 vicit
769 1781 933 1831 infelix
958 1784 1016 1832 L.
1040 1783 1212 1831 Annaei
1238 1784 1428 1832 Senecae
1446 1785 1457 1804 ¹
1492 1781 1604 1831 faci-

52 1860 168 1909 litas.
237 1859 375 1909 Absit
408 1859 437 1908 ὲ
471 1876 548 1908 me
569 1860 811 1910 inhonesta
843 1862 945 1911 haec
975 1861 1248 1927 malignitas,
1283 1871 1335 1909 ut
1355 1877 1487 1909 veras
1514 1859 1609 1907 viri

52 1939 213 1987 laudes
272 1938 493 1987 deteram.
562 1939 764 2005 Egregia
807 1939 857 1988 in
902 1932 959 1989 eo
1016 1939 1248 2003 sapientiae
1294 1938 1460 2000 studia,
1512 1954 1604 1986 nec

52 2014 254 2065 fractum
299 2015 532 2064 malorum
563 2016 833 2081 Principum
877 2017 994 2065 odiis
1042 2017 1250 2065 animum
1282 2016 1379 2081 ipse
1412 2014 1602 2079 suspexi

0 2149 2 2151 ,
51 2110 329 2160 semperque
366 2093 624 2160 suspiciam.
692 2097 760 2142 At
781 2111 934 2159 neque
968 2094 1134 2142 veritas
1163 2093 1332 2158 patitur
1355 2105 1424 2153 ut,
1458 2108 1603 2158 quam

0 2201 2 2203 >
51 2171 304 2238 perniciem
326 2171 603 2237 eloquentiae
626 2171 848 2232 intulerit,
885 2171 1184 2221 dissimulem.

118 2339 200 2387 VI.
237 2338 383 2390 CETE
391 2353 507 2387 RUM
531 2337 695 2387 natura
712 2337 994 2405 fortunaque
1016 2349 1200 2403 paratus
1221 2335 1310 2386 fuit
1331 2338 1524 2397 Seneca,
1546 2347 1602 2386 ut

0 2432 9 2482 .·
51 2432 155 2464 eam
172 2415 314 2465 literis
335 2416 636 2466 mutationem
658 2417 910 2467 inveheret.
981 2417 1239 2482 Copiosum
1260 2415 1385 2464 enim
1413 2415 1480 2463 illi
1502 2425 1604 2463 erat

0 2495 2 2566 ᾗ
50 2493 309 2561 ingenium,
342 2493 502 2559 molle,
534 2511 792 2556 amoenum,
830 2494 1024 2545 eruditio
1064 2495 1328 2560 multiplex,
1358 2489 1610 2559 majorque

51 2571 394 2622 commendatio
417 2589 478 2621 ex
500 2573 732 2639 sapientiae
759 2575 937 2635 studiis,
960 2591 1067 2641 quae
1089 2589 1346 2639 numquam
1375 2571 1482 2638 plus
1502 2570 1600 2619 lau-

13 2742 17 2749 (
50 2753 236 2803 Grandis,
262 2760 313 2803 et,
340 2763 385 2795 ut
409 2756 466 2795 ita
493 2757 626 2803 dicam,
651 2757 787 2808 pudica
862 2745 1133 2810 commigravit,
1164 2760 1234 2808 ᾂε.

10 2817 15 2819 ’
51 2810 175 2848 oratio
192 2823 264 2848 non
280 2816 337 2849 est
353 2812 552 2857 maculosa,
579 2825 646 2849 nec
665 2812 787 2863 furgi-

0 2896 3 2899 ,
51 2863 115 2909 da,
141 2864 208 2902 sed
233 2866 402 2903 naturali
424 2865 706 2915 pulchritudine
727 2879 787 2904 ex-
917 2864 932 2883 ¹
964 2865 1012 2904 L.
1032 2866 1166 2904 Annoei
1193 2863 1354 2903 Senecoe.
1410 2862 1506 2912 Ejus
1525 2861 1600 2899 vir·

0 3030 27 3118 ἒ,

49 2916 190 2967 surgit.
251 2918 389 2969 Nuper
431 2925 586 2957 ventosa
629 2919 705 2958 ista
749 2926 788 2957 et
861 2926 961 2959 tutes
999 2921 1168 2969 vitiaque
1213 2919 1411 2968 diligenter
1453 2915 1612 2954 notavit·

53 2971 211 3012 «normis
228 2970 436 3022 loquacitas
448 2973 617 3012 Athenas
635 2986 677 3012 ex
692 2972 788 3015 Asia
864 2973 1143 3022 Quintilianus,
1171 2972 1350 3010 Institut.
1369 2970 1480 3010 Orat.
1498 2981 1543 3009 x.
1561 2974 1600 3008 1.

322 3050 443 3088 vol..
468 3048 541 3088 lv.
1227 3049 1265 3084 N
