1768 3236
383 156 529 204 ΜΒΝ
559 163 759 204 lmen-11
789 163 947 202 SEX'ri
976 163 1294 206 ANNALIUM

72 158 112 207 ³.
125 168 172 207 c.
192 164 259 205 6⁸.
1526 166 1603 206 471

67 274 98 296 “
128 285 216 318 nos
251 286 321 329 se,
353 267 615 332 militesque
648 266 904 330 triumphi”
922 269 935 288 ¹
969 259 1313 314 clamitantium.
1384 263 1607 314 Conferta

65 347 257 396 demum
279 346 433 402 civitas
454 346 632 410 ipsique
653 356 902 403 senatores,
935 343 1160 391 contentis
1180 342 1387 401 vocibus,
1415 341 1607 408 ingemi-

65 426 252 483 nabant,
287 429 321 452 “
343 425 394 471 Io
417 423 564 471 victor
587 422 860 488 Olympice!
896 421 941 469 io
964 421 1110 469 victor
1131 420 1339 485 Pythice,
1361 419 1602 485 Auguste!

7 565 9 568 Ι
69 506 99 527 “
131 501 177 549 io
198 500 376 550 Neroni
393 499 611 548 Herculi!
635 499 680 546 io
702 497 881 547 Neroni
894 497 1126 562 Apollini!
1152 497 1196 545 io
1220 496 1428 545 omnium
1442 497 1605 555 victor,

68 583 98 604 “
130 577 371 643 Auguste!
408 579 546 625 Sacra
579 577 699 625 vox!
743 576 998 635 Fortunati,
1033 574 1162 640 queis
1183 574 1418 622 coelestem
1439 590 1605 623 vocem

68 660 98 687 ‘-‘
130 655 289 703 audire
325 655 483 702 datum
499 653 545 702 !''
581 656 648 701 Ita
682 652 908 701 incedenti
922 655 938 674 ²
976 652 1142 716 passim
1164 651 1459 717 caedebantur
1478 650 1604 699 victi-

62 749 172 792 mae,
204 733 534 797 spargebantur
566 731 750 789 odores,
784 747 907 789 aves,
942 728 1164 787 lemnisci,
1196 727 1384 776 bellaria
1424 727 1602 793 ingere-

63 810 247 857 bantur.
313 810 405 857 Per
459 808 635 856 circum
690 807 980 866 maximum,³
1037 807 1290 854 Velabrum
1335 807 1602 870 Forumque

65 885 205 934 ducta
226 885 415 950 pompa,
448 885 667 949 Princeps
687 886 746 933 ad
757 883 986 949 palatium
1002 884 1252 942 adscendit,
1287 893 1350 943 et,
1382 883 1602 947 Apolline

62 963 273 1022 salutato,
299 963 539 1012 Circenses
558 963 776 1011 indixit:⁴
797 962 1038 1027 acriorque
1059 961 1191 1009 rediit
1207 956 1426 1009 ludorum
1443 958 1599 1008 furor:

64 1055 149 1089 nec
172 1040 220 1087 in
235 1041 370 1088 Urbe
391 1041 528 1099 stetit,
562 1057 646 1104 per
667 1039 920 1104 provincias
942 1055 1128 1103 quoque
1150 1048 1434 1104 pervagatus.

130 1200 208 1252 65.
247 1193 624 1243 REMORDEBAT
644 1205 797 1243 tamen
812 1194 1078 1243 idemtidem
1100 1191 1322 1240 memoria
1342 1193 1600 1250 turbarum,

63 1273 181 1336 quas
208 1271 371 1319 Helius
409 1271 707 1320 nuntiaverat.
778 1270 983 1334 Quaesita
1005 1288 1065 1318 ex
1087 1269 1404 1333 superstitione
1417 1270 1433 1297 ⁵
1454 1285 1601 1316 reme-

65 1348 156 1408 dia,
189 1348 356 1413 quibus
389 1350 530 1397 fidem
552 1348 660 1397 fecit
681 1366 828 1406 casus,
863 1348 1012 1397 statim
1047 1346 1219 1396 retecta
1236 1342 1602 1411 'conjuratione,⁶

63 1426 178 1474 cum
213 1443 450 1474 summum
487 1426 672 1474 instaret
703 1426 962 1474 discrimen.
1029 1426 1144 1472 Nox
1166 1423 1288 1471 enim
1310 1423 1444 1470 unica
1464 1434 1602 1470 resta-

54 1504 175 1553 bat-⁷
212 1494 406 1551 Neroni.
478 1504 573 1566 Qui
612 1503 788 1555 facinus
823 1514 1001 1567 patrare
1033 1502 1082 1549 in
1116 1519 1164 1550 se
1193 1511 1444 1565 receperat,
1477 1498 1599 1547 forte

65 1582 296 1630 theatrum
339 1582 483 1645 petiit,
523 1594 569 1630 et
607 1600 693 1646 pro
738 1581 914 1645 foribus
947 1581 1060 1629 vidit
1095 1580 1301 1628 vinctum
1345 1577 1599 1636 hominem,

61 1658 376 1708 miserabiliter
409 1660 672 1724 ejulantem,
706 1660 836 1724 quod
858 1660 916 1707 ad
938 1654 1178 1706 Neronem
1203 1666 1320 1704 esset
1342 1655 1595 1703 ducendus.

62 1737 163 1794 Ille,
214 1736 525 1785 misericordia
562 1728 806 1795 incertum.
846 1754 906 1785 an
936 1734 1166 1802 jactantia,
1200 1732 1396 1781 nimiave
1435 1730 1598 1779 silentii

62 1814 187 1864 mole
224 1831 423 1878 pressus,
457 1814 624 1863 misero
659 1815 952 1879 propinquat,
985 1811 1099 1860 etin
1122 1827 1280 1859 aurem
1313 1810 1593 1857 insusurrat:

863 1999 1053 2039 debebant.
1094 1990 1307 2037 Lcmni'scos
1325 1997 1502 2043 dicimus,
1519 1996 1594 2034 rib-

864 2057 964 2094 bons.

914 2105 930 2130 ⁸
977 2108 1124 2145 Circum
1156 2101 1373 2143 'maximum
1447 2103 1592 2140 Diruto

861 2163 973 2199 etiam
997 2161 1100 2199 Circi
1117 2159 1264 2198 maximi
1282 2171 1386 2196 arcu.
1434 2158 1591 2194 Sueton.

860 2214 897 2252 in
919 2217 1010 2252 Nor.
1030 2227 1137 2252 xxv.

913 2267 931 2288 4
960 2268 1150 2306 Circenses
1169 2265 1317 2304 india-it.
1356 2264 1447 2310 Dio,
1466 2275 1590 2301 Lx111.

863 2335 900 2372 p.
920 2326 1012 2364 724.

118 1999 130 2017 ¹
161 2001 381 2052 sslilitesque
401 2003 590 2053 triumphi.
637 2003 792 2041 Sueton.

66 2055 140 2092 loc.
161 2055 229 2092 cit.

117 2105 136 2123 ²
163 2108 231 2146 Ita
276 2109 470 2146 incedenti.
526 2112 682 2147 Sueton.
720 2110 794 2146 loc.

66 2161 132 2199 cit.
189 2162 385 2199 Ince-<lenti
396 2163 533 2211 passim
553 2162 710 2200 victimer
728 2176 795 2201 αε-

65 2228 126 2260 soe,
153 2228 282 2264 sparso
294 2227 365 2263 per
382 2215 461 2253 vias
480 2215 685 2253 idemtidem
710 2229 793 2254 cro-

66 2282 122 2313 co,
154 2269 376 2319 ingestaeque
409 2282 518 2315 aves‚·
540 2283 583 2307 uc
617 2269 793 2315 lemnisci,

66 2328 104 2360 et
132 2323 299 2360 bellaria.
360 2322 480 2367 Moris
513 2323 612 2360 enim
643 2332 722 2360 crat
755 2323 792 2360 in

66 2375 247 2413 ludorum
276 2376 478 2425 triumphis
506 2388 675 2422 coronaS,
703 2376 794 2413 lom-

65 2429 200 2474 niscos,
228 2429 380 2480 aliaque
398 2430 434 2466 id
454 2442 568 2478 genus
587 2442 794 2468 munuscu-

64 2483 116 2529 la,
143 2483 263 2532 injici,
291 2484 398 2521 tanta
416 2483 647 2533 quandoque
664 2483 790 2533 copi-3,

66 2546 111 2575 ut
127 2536 230 2574 haud
249 2537 383 2587 procul
398 2537 569 2587 periculo
583 2544 703 2575 essent
714 2537 789 2574 vic·
813 2557 815 2559 ·

66 2598 176 2629 tores.
221 2590 280 2627 De
298 2590 498 2633 lemniscis,
518 2589 673 2636 Plinius,
693 2594 789 2628 xxi.

65 2648 106 2682 3.
161 2642 320 2682 Crassus
336 2645 451 2688 dives,
473 2643 615 2693 primus
632 2649 789 2694 urgento

63 2710 226 2747 auroque
249 2697 355 2748 solia
380 2698 560 2742 imitatus,
587 2698 684 2735 ludis
714 2697 791 2734 suis

65 2764 220 2789 coronas
250 2751 365 2789 dedit.
420 2751 736 2801 Accesseruntque
755 2755 791 2786 et

66 2804 241 2850 lemnisci,
269 2817 358 2854 quos
376 2804 493 2854 adjici
509 2804 671 2853 ipsarum
689 2816 791 2841 coro·

40 2878 44 2882 ,
64 2862 196 2895 aarum
223 2858 335 2896 honos
361 2863 456 2900 erat,
483 2862 639 2908 propter
655 2857 793 2895 Etrus-

66 2923 142 2957 cas,
167 2911 297 2963 quibus
320 2911 483 2965 adjungi
499 2911 572 2950 nisi
590 2910 694 2950 aurei
719 2923 790 2949 non

915 2374 928 2395 ⁵
961 2376 1021 2412 Ex
1047 2373 1320 2422 superstitione.
1379 2372 1440 2408 Ac
1470 2370 1592 2408 maxi-

867 2428 927 2465 mi·
945 2443 991 2466 ox
1013 2426 1241 2477 Astrologi&
1269 2425 1456 2474 cultuque
1482 2425 1593 2461 icun-

867 2481 966 2519 culoe
990 2480 1184 2533 puellaris.
1239 2475 1339 2516 Vide*
1366 2478 1589 2516 Suetonium

866 2535 904 2572 in
926 2536 1017 2573 Ner.
1039 2546 1182 2572 xxxvi
1199 2542 1237 2570 et
1255 2544 1342 2570 LVI.

921 2584 938 2605 ⁶
965 2588 1244 2639 Conjuratione.
1292 2586 1386 2623 Haec
1407 2584 1502 2623 forte
1523 2585 1593 2622 Vi-

867 2642 1019 2679 niciana
1037 2641 1264 2690 conjuratio,
1282 2638 1482 2676 Beneventi
1503 2650 1592 2675 con-

868 2695 970 2742 ssata,
1004 2696 1050 2732 de
1082 2693 1162 2744 qua.
1198 2693 1400 2732 Suetonius
1427 2693 1468 2729 in
1498 2692 1590 2732 Ner.

869 2761 1028 2786 xxxvn

921 2799 938 2822 ⁷
970 2801 1091 2840 Unica
1108 2802 1286 2839 restabat.
1328 2799 1372 2837 Id
1393 2803 1592 2848 ceteraque

869 2856 1142 2905 conjurationis
1190 2854 1304 2891 habet
1350 2852 1591 2896 Plutarchus,

869 2908 944 2949 vol.
961 2921 1009 2953 ιι.
1028 2909 1074 2952 de
1093 2907 1341 2953 Garrulitate‚
1368 2919 1406 2958 p.
1427 2909 1515 2944 505.
