1768 3236
203 201 276 237 112
689 196 736 234 c.
765 170 1253 233 CORNELH‘TAfflTr

547 238 577 268 ο

198 306 233 330 “
267 317 457 366 pugnae,
475 298 642 364 quibus
663 298 886 347 adversus
906 298 1145 344 Romanos
1161 294 1287 344 varia
1301 290 1490 344 fortuna
1512 306 1738 347 certatum
1755 311 1759 316 ⁴

201 384 235 406 ‘⁶
271 388 356 437 est,
392 394 523 442 spem
562 393 614 425 ac
651 375 904 424 subsidium
941 375 990 421 in
1024 374 1190 422 nostris
1229 373 1440 422 manibus
1479 368 1738 424 habebanii:

201 461 234 483 ‘⁶
271 455 378 520 quia
415 454 682 503 nobilissimi
718 455 856 502 totius
890 451 1156 510 Britanniae,
1191 451 1343 515 eoque
1375 450 1424 498 in
1456 449 1565 515 ipsis
1598 463 1740 519 pene-

202 538 237 561 ‘⁶
271 533 462 580 tralibus
495 532 582 591 siti,
622 549 706 580 nec
742 531 1042 579 servientium
1078 529 1231 577 littora
1262 528 1544 593 aspicientes,
1579 525 1742 578 oeulos

205 615 238 638 “
278 627 465 675 quoque
503 627 529 657 a
564 621 778 658 contactu
818 606 1138 656 dominationis
1170 606 1408 654 inviolatos
1443 606 1740 655 habebam.

198 692 237 717 ‘⁶
271 689 392 747 Nos,
427 699 655 735 terrarum
689 704 740 734 ac
777 686 993 734 libertatis
1026 696 1276 742 extremos,
1315 699 1520 731 recessus
1554 683 1652 747 ipse
1676 682 1739 732 wic

204 770 237 794 ⁶⁶
273 765 399 812 sinus
442 764 580 812 famae
625 765 672 812 in
717 765 842 812 hunc
883 763 1005 811 diem
1045 760 1278 810 defendit:
1316 777 1440 808 nunc
1486 760 1739 810 terminus·

205 847 239 870 ‘⁶
275 842 524 890 Britanniae
542 853 693 906 patet:
730 852 866 905 atque
885 856 1023 887 omne
1044 839 1256 903 ignotum
1279 855 1365 902 pro
1387 837 1753 903 magnificavest,

206 924 240 947 “
276 920 369 967 Sed
391 912 520 966 nulla
544 921 639 984 jam
673 919 794 966 ultra
828 935 960 983 gens,
997 917 1109 985 niliil
1140 915 1224 964 nisi
1261 916 1427 963 fluctus
1457 926 1503 963 et
1537 915 1742 974 saxQ'Eet

207 1001 241 1024 “
276 995 532 1044 infestiores
557 996 779 1044 Romani:
806 1013 1008 1060 quorum
1030 994 1291 1058 superbiam
1315 992 1486 1040 frustra
1505 1009 1590 1057 per
1610 993 1742 1040 obse-

208 1079 242 1102 ‘⁶
277 1074 439 1138 quium
462 1084 507 1121 et
530 1072 799 1121 modestiam
822 1072 1066 1137 effugeris:
1102 1082 1307 1135 raptores
1330 1070 1470 1128 orbis,
1493 1068 1741 1134 postquam

209 1155 243 1179 ‘⁶
278 1141 443 1199 cuncta
464 1150 741 1198 vastantibus
771 1149 960 1198 defuere
991 1162 1145 1207 terrae,
1180 1160 1225 1196 et
1258 1165 1385 1195 mare
1401 1150 1417 1169 ²
1449 1157 1739 1195 scrutantur:

210 1233 243 1256 ‘⁶
279 1228 316 1276 si
338 1228 544 1291 locuples
566 1227 709 1275 hostis
733 1238 817 1285 est,
852 1226 1002 1274 avari:
1038 1227 1074 1274 si
1109 1242 1300 1290 pauper,
1334 1223 1586 1271 ambitiosi:
1612 1237 1742 1288 quos

210 1310 245 1333 ‘⁶
279 1321 375 1353 non
421 1305 607 1363 Oriens,
653 1321 748 1352 non
795 1305 1042 1363 Occidens,
1082 1303 1334 1352 satiaverit:
1371 1301 1455 1350 soli
1498 1292 1742 1360 omniui'n‘,³

209 1387 243 1410 “
278 1399 389 1446 opes
422 1392 559 1447 atque
592 1382 793 1446 inopiam
826 1383 923 1446 pari
958 1382 1124 1429 affectu
1148 1379 1506 1443 concupiscunt:
1539 1375 1742 1436 auferre,

211 1464 245 1486 “
280 1458 525 1520 trucidare,
547 1476 708 1522 rapere
737 1458 859 1507 falsis
889 1458 1167 1516 nominibus,
1191 1457 1433 1520 imperium
1441 1477 1461 1515 ;
1497 1455 1648 1520 atque*
1663 1454 1744 1504 ubi

212 1540 246 1564 ‘⁶
281 1535 573 1584 solitudinem
595 1535 786 1595 faciunt,
800 1553 964 1600 pacem
986 1536 1264 1601 appellant.''
1281 1538 1300 1563 4
1612 1561 1614 1563 ·
1645 1552 1649 1573 2
1680 1525 1716 1557 '²'

280 1700 360 1739 31.
396 1697 430 1720 “
464 1694 687 1740 LIBEROS
719 1692 886 1756 cuique
909 1709 959 1740 ac
984 1691 1267 1756 propInquos
1289 1706 1396 1739 suos
1416 1700 1580 1737 natura
1612 1687 1768 1738 caris·

213 1774 246 1797 ⁶⁶
282 1768 421 1817 simos
445 1786 541 1816 esse
563 1769 740 1817 voluit:
777 1770 823 1816 hi
847 1787 930 1833 per
960 1770 1182 1826 delectus,
1216 1769 1321 1815 alibi
1343 1766 1588 1826 servituri‚⁵
1621 1741 1768 1832 aufe5l

213 1851 247 1873 ⁶⁶
280 1855 476 1893 runtur:
531 1848 751 1911 conjuges
795 1863 1069 1932 sororesque
1114 1845 1195 1892 etsi
1243 1845 1456 1893 hostilem
1509 1843 1768 1902 libidinem!

212 1928 246 1950 “
281 1921 517 1988 effugiant,
539 1923 726 1971 nomine
757 1924 1008 1971 amicorum
1032 1935 1168 1987 atque
1191 1923 1417 1986 hospitum
1438 1921 1726 2010 polluuntur.
1727 1896 1768 1978 ‘l

214 2004 248 2028 ‘⁶
283 1999 415 2048 Bona
457 1998 756 2066 fortunasque
794 2001 842 2048 in
887 2001 1110 2050 tributum
1150 2011 1378 2066 egerunt3
1428 1999 1476 2046 in
1515 1984 1768 2120 annonam}

1648 2155 1715 2174 ιώ

1014 2227 1047 2249 5
1040 2211 1298 2253 tutabantur,
1316 2205 1405 2244 cum
1436 2204 1673 2243 Britanniam
1695 2217 1744 2257 ῃ

1014 2279 1062 2302 m
1054 2260 1179 2301 minse
1197 2266 1226 2300 (
1231 2259 1442 2300 alt-doniam
1462 2266 1642 2310 peterent.

1069 2315 1083 2336 ³
1115 2317 1194 2354 Soli
1210 2315 1379 2354 omnium.
1408 2313 1466 2350 Ex
1485 2311 1660 2349 omnibus
1678 2311 1745 2350 ho-

1338 2367 1505 2405 Omnium
1522 2366 1572 2403 ad
1588 2368 1678 2416 opt-s
1697 2378 1743 2404 ne

271 2207 281 2224 ¹
315 2207 429 2246 Nunc
450 2209 641 2248 terminus.
673 2211 730 2247 Ita
747 2206 834 2248 libri
866 2224 946 2247 om

216 2274 278 2299 nes
292 2261 428 2312 scripti
448 2270 485 2300 et
502 2263 606 2301 editi.
655 2267 709 2301 At
728 2264 847 2301 alium
867 2278 946 2300 wr-

216 2317 352 2353 borum
371 2316 541 2353 ordinem
570 2318 740 2367 postulat
767 2318 845 2368 ipse
867 2331 947 2355 son-

213 2379 302 2413 sus<;
329 2376 367 2406 et
398 2370 621 2418 legendnm.
613 2385 621 2393 ·
650 2371 734 2408 Nos·
759 2376 947 2409 terraram

1016 2371 1182 2409 minibus
1199 2369 1282 2407 soli.

214 2436 259 2460 ac
277 2422 370 2460 libet
372 2424 464 2461 tatis
481 2429 564 2462 ext}
567 2438 672 2469 omos,
693 2438 854 2462 recessus
872 2425 947 2475 ipse

214 2489 259 2514 ac
274 2476 377 2514 sinus
390 2476 543 2528 famoe
529 2490 568 2514 m
597 2478 691 2516 hunc
711 2478 803 2524 diem
825 2479 948 2530 defeu-

215 2529 297 2567 dit:
329 2542 440 2580 acque
459 2543 561 2568 omne
576 2531 742 2582 zgnotmn
756 2545 827 2581 pro
847 2545 947 2582 mag-

214 2583 324 2632 m'fico
343 2590 425 2622 est:
455 2584 519 2621 sed
543 2597 639 2622 nuuc
662 2585 839 2622 terminus
859 2585 947 2622 Bri-

215 2636 353 2674 tanniae
364 2642 488 2686 patet:
506 2638 609 2675 nulla
615 2651 704 2689 yam
717 2639 822 2676 ultra
839 2652 944 2688 gens,

214 2689 310 2727 m'leil
335 2690 568 2740 nisifluctus
586 2693 622 2728 et
641 2703 752 2730 saxa-.-
781 2695 819 2728 et
835 2692 947 2740 infes-

165 2760 167 2763 ·
214 2742 331 2780 tiores
364 2742 550 2788 Romani;
589 2744 629 2781 id
664 2752 732 2784 est.
764 2744 945 2782 fluctibus

214 2797 398 2845 saxisque
434 2797 598 2835 strioles.
654 2797 754 2834 Vide
791 2806 871 2835 not.
907 2805 945 2836 ct

214 2850 362 2886 tmond.
381 2850 428 2887 ad
447 2862 534 2900 cap.
552 2855 618 2889 30

270 2899 287 2917 ²
315 2903 369 2940 Et
393 2917 507 2941 mare.
536 2904 580 2941 Id
607 2912 675 2952 est,
698 2905 812 2943 etiam
843 2917 946 2941 mare

214 2963 447 2995 scrutantur.
502 2958 616 2996 Certe
650 2959 815 2997 Romani
844 2970 947 2996 mure

1013 2425 1107 2462 refer
1108 2438 1162 2462 ιε.

1067 2476 1084 2498 4
1135 2478 1268 2515 Pacem
1313 2474 1516 2525 appellant.
1568 2471 1666 2509 Inde
1703 2471 1753 2510 in,

1013 2543 1072 2568 sc]
1076 2531 1261 2581 iptmibus
1280 2536 1356 2567 tam
1374 2539 1473 2578 saepe
1486 2523 1758 2576 occurribpex'

1015 2584 1207 2622 Romana.-
1250 2589 1290 2620 οἱ
1331 2583 1369 2620 in
1409 2579 1572 2618 nummis
1610 2579 1745 2621 ΡΑΧ

1015 2639 1043 2675 Ρ
1054 2639 1131 2677 AX
1164 2633 1349 2676 ORBI‘S
1382 2631 1743 2674 TERRARUM.

1068 2689 1080 2712 ⁵
1111 2690 1216 2729 Alibi
1241 2687 1433 2728 semitm-i.
1482 2686 1524 2723 ld
1562 2685 1745 2725 Romanis

1014 2751 1190 2790 cautum,
1207 2756 1253 2781 ne
1271 2745 1309 2781 in
1328 2738 1452 2793 patria
1470 2739 1681 2781 turbarent.

1065 2793 1082 2814 ⁶
1110 2798 1352 2836 Polluuntur.
1402 2795 1553 2832 Horum
1586 2792 1747 2844 flagssio-

1013 2863 1097 2889 rum
1118 2850 1301 2903 exempla
1319 2848 1482 2887 vidimus
1497 2858 1617 2902 supra.
1641 2849 1732 2891 Am

1015 2916 1106 2943 xxv,
1124 2909 1190 2944 31.
1653 2909 1664 2928 ⁴
1730 2935 1751 2963 1
