1768 3236
72 172 76 173 ⁷
95 192 135 232 J.
162 193 209 232 c,
237 196 303 232 44.
502 193 647 232 LIBRI
678 183 879 233 oneum
908 194 1230 234 ANNALlUM.
1558 201 1637 243 409

94 297 330 363 Polybius'
364 297 486 344 inter
521 296 640 344 duos
670 296 883 345 consules
917 298 1189 346 ambulare.²
1254 299 1498 348 Narcissus
1518 313 1638 350 cete-

95 375 228 440 rique
252 374 400 423 liberti
423 390 506 437 per
528 375 701 438 majora
730 373 882 422 adhuc
913 372 1083 422 favoris
1114 376 1310 424 ludibria
1330 377 1378 424 in
1401 377 1637 427 fortunam

94 464 141 501 et
179 451 483 515 principatum
519 452 828 499 insultabant}
895 453 1028 499 Dum
1062 453 1284 517 Princeps
1307 471 1359 522 ea
1374 450 1453 502 =vel
1493 455 1636 504 ferret
1657 511 1670 516 ἱ

93 529 356 594 patientius,
390 529 470 577 vel'
487 529 700 577 licentius
733 529 1034 592 permitteret,
1071 529 1227 577 Rufus
1262 532 1429 591 Pollio,
1463 546 1633 597 praeto-

93 607 267 654 riarum
318 606 579 654 cohortium
629 605 892 670 praefectus,
942 606 1190 671 imaginem
1222 624 1274 655 ac
1309 610 1466 656 sedem
1514 611 1634 660 inter

93 695 342 742 senatores,
359 673 589 748 ‘quotiens
613 683 864 731 Claudium
886 682 934 729 in
965 683 1141 731 curiam
1171 685 1484 746 comitaretur,
1519 688 1636 736 obti-

91 760 228 808 nuit.⁴
292 762 354 808 Et
396 777 456 808 ne
494 760 542 807 id
580 777 756 808 novum
796 760 1046 820 videretur,
1101 762 1320 826 Princeps
1359 765 1630 828 exemplum

91 837 312 903 Augusti,
347 837 427 902 qui
449 839 610 886 eadem
633 838 817 886 Valerio
840 838 1006 904 Liguri
1026 842 1040 867 ⁵
1071 839 1310 899 tribuerat,
1344 843 1629 892 causabatur,

91 917 272 980 Majore
294 914 445 962 adhuc
467 914 661 974 invidia,
677 911 843 974 Laco,⁶
875 917 1110 982 quondam
1132 915 1379 980 praefectus
1404 919 1628 984 Vigilum,

91 1003 194 1040 tum
218 992 385 1041 Galliae
407 1004 695 1057 procurator,
729 1010 868 1058 super
889 994 975 1042 hos
997 993 1197 1042 honores
1219 996 1474 1044 consularia
1495 1013 1627 1046 orna-

93 1080 248 1118 menta
269 1071 510 1119 adsecutus
533 1082 615 1118 est.
1314 1063 1320 1066 ³

155 1235 202 1276 5.
238 1229 504 1288 SENAT'us,
538 1243 712 1289 amore,
745 1246 804 1278 an
835 1230 1147 1279 munificentia
1169 1229 1390 1296 Principis
1413 1229 1624 1293 inlectus,

89 1306 334 1372 magnifice
379 1308 439 1356 de
482 1307 605 1356 bello
650 1307 915 1356 Britannico
961 1308 1118 1373 loqui:
1170 1320 1299 1375 gesta
1342 1310 1621 1373 praedicare:

87 1382 245 1432 futura
287 1385 558 1448 providere3
609 1398 672 1445 et,
706 1398 758 1434 ut
795 1386 951 1435 hostes
995 1386 1213 1435 libentius
1248 1387 1307 1434 ad
1346 1387 1626 1444 deditionem

87 1461 312 1521 venirent,
346 1463 594 1511 decernere
608 1467 624 1493 ⁷
649 1468 682 1491 “
707 1480 1015 1527 quaecumque
1040 1464 1263 1513 Claudiu‘s
1298 1466 1452 1529 ejusve
1487 1464 1624 1534 legati

89 1543 121 1565 “
150 1551 358 1604 agerent,
390 1551 469 1588 aut
491 1557 600 1588 cum
623 1540 851 1588 Britannis
887 1541 1207 1607 transigerent,
1238 1553 1447 1590 senatum
1477 1559 1624 1606 popu-

89 1621 119 1642 “
152 1617 344 1682 lumque
362 1617 630 1665 Romanum
654 1619 748 1670 fixa
762 1630 807 1666 et
822 1618 871 1665 in
886 1613 1164 1682 perpetuum
1184 1630 1282 1667 rata
1302 1619 1620 1668 habiturum.'’

83 1694 304 1754 Plautius,
350 1695 515 1744 talibus
553 1696 853 1744 incitamentis
891 1697 1016 1744 haud
1059 1696 1287 1763 indigens,
1333 1696 1414 1744 sed
1453 1695 1619 1745 bellica

81 1772 217 1820 laude
245 1771 422 1837 suaque
445 1773 662 1839 dignitate
684 1774 828 1839 magis
851 1773 1186 1833 exstimulatus,
1220 1785 1374 1838 coepta
1408 1772 1619 1833 feliciter,

80 1847 262 1898 felicius
299 1852 665 1915 exsequebatur3
701 1854 1007 1916 adsumtoque
1029 1851 1077 1899 in
1098 1862 1277 1916 partem
1320 1851 1533 1900 laborum
1572 1862 1625 1903 ets

942 2028 955 2050 ⁵
990 2002 1139 2067 Valerio
1176 2025 1327 2076 Liguri.
1399 1997 1550 2075 Nempe
1592 2024 1614 2062 ὲ

136 2022 149 2040 ¹
179 2025 371 2076 Polybius.
429 2025 464 2063 Is
484 2026 651 2064 Claudio
683 2026 755 2064 suit
783 2025 807 2064 ὲ
888 2082 1042 2121 mom-ia
1125 2080 1239 2117 Dioni
1294 2079 1373 2116 ibid
1444 2077 1615 2130 οὑαλῖξίε

82 2078 239 2116 studiis:
269 2078 356 2128 post
374 2079 397 2116 ὲ
413 2079 618 2118 Messalina
636 2081 809 2119 intersec-

83 2139 167 2177 tus3
197 2139 240 2170 ut
267 2133 435 2170 diximus
452 2133 490 2170 in
511 2134 647 2185 Suppl.
668 2133 807 2172 Annal.

82 2198 143 2223 x1.
163 2190 201 2224 2.

134 2235 153 2254 ²
172 2239 387 2278 Ambulare.
431 2240 588 2278 Sueton.
608 2241 645 2278 in
665 2242 804 2280 Claud.

82 2305 247 2331 xxvln.
300 2290 460 2343 Optime
478 2294 709 2341 Hadrianus,
724 2295 806 2334 etim

79 2347 236 2397 quodam
253 2351 414 2396 tempore
430 2360 575 2385 servum
591 2362 695 2387 suum
709 2349 810 2387 inter

64 2401 172 2438 'duos
189 2406 377 2437 senatores
395 2399 415 2436 ὲ
433 2407 630 2450 conspectu
648 2403 810 2440 ambula·

78 2466 123 2492 re
152 2453 318 2498 vidisset,
346 2453 445 2491 misit
474 2455 537 2505 qui
559 2455 593 2492 ei
617 2456 807 2506 colaphum

79 2507 204 2552 daret,
232 2512 270 2544 et
299 2507 454 2552 diceret,
481 2508 579 2545 Noli
613 2510 712 2546 inter
748 2523 808 2548 eos

56 2561 268 2598 'ambulare
294 2573 448 2610 quorum
465 2574 540 2599 esse
559 2563 679 2600 adhuc
701 2569 808 2612 potes

77 2607 233 2652 πωπω)
295 2614 484 2665 spartian.
537 2615 575 2652 in
622 2617 806 2654 Hadrian.

60 2678 63 2681 ⁴
82 2679 179 2705 xxr.
643 2678 646 2682 ’
780 2678 781 2682 ’

137 2718 152 2740 ³
172 2719 426 2759 Insultabant.
482 2721 563 2758 Hos
581 2721 677 2761 inter
697 2723 803 2760 Felix

80 2773 316 2820 cohortibus,
339 2775 718 2826 alis‚'provinciaeque
736 2777 806 2815 Ju—
870 2792 877 2795 “

56 2825 59 2828 ’
80 2826 171 2866 daeae
188 2828 426 2879 praepositus,
455 2828 570 2867 trium
591 2831 803 2880 reginarum

80 2882 239 2919 maritus
259 2881 344 2919 fuit.
365 2881 520 2919 Sueton.
539 2883 632 2921 ibid.

133 2933 154 2956 ⁴
179 2934 362 2974 obtinuit.
420 2936 508 2983 Dio,
539 2949 610 2976 Lx.
629 2951 668 2988 p.
685 2935 778 2977 680.

883 2140 967 2179 τινὲς
986 2134 1125 2181 Λίγυος.
1641 2155 1644 2159 1

938 2190 954 2206 '²
985 2190 1099 2227 Laco.
1158 2187 1249 2232 Dio,
1292 2186 1386 2223 ibid.
1444 2185 1613 2222 Hierest

860 2244 1085 2285 ,Graecinus
1123 2242 1239 2284 Laco,
1286 2253 1400 2289 quem
1436 2238 1610 2288 Vigilum

882 2298 1104 2347 praefectum
1136 2295 1312 2339 vidimus,
1340 2294 1431 2331 cum
1453 2293 1612 2341 Sejanus

881 2357 1119 2388 everteretur.
1176 2348 1277 2384 Vide
1302 2347 1439 2397 Suppl.
1469 2346 1608 2383 Aunal.

883 2417 923 2441 v.
946 2408 1011 2442 35.
1056 2404 1177 2440 Novae
1195 2402 1277 2450 ejus
1295 2400 1488 2450 dignitatis
1506 2407 1611 2449 estat

883 2457 1171 2495 mouumentum
1191 2454 1296 2505 apud
1316 2454 1542 2499 Gruterum,
1572 2467 1609 2503 p.

883 2515 975 2555 417.
994 2524 1030 2547 n.
1053 2515 1090 2549 2.
1519 2520 1521 2522 ·
1538 2517 1544 2522 ·

1056 2607 1099 2641 P.
1123 2603 1435 2638 GRAECINO

1121 2667 1163 2699 P.
1187 2666 1226 2698 F.
1251 2664 1379 2698 ΡοΒ.

1131 2723 1357 2757 LACONI
1422 2717 1427 2720 '

1043 2778 1441 2817 oRNAMEN'rls

1002 2842 1484 2877 CONSVLAmssvs.

934 2935 951 2959 ⁷
980 2938 1205 2977 Decernere.
1264 2937 1353 2978 Dio,
1384 2936 1477 2974 ibid.
