1768 3236
729 164 1150 221 BREVIARIUM.

165 310 529 380 antiquorum
597 305 919 371 admirator,
989 305 1297 360 recentium
1380 311 1711 372 contemtor,
1754 292 1757 294 ’

165 406 386 479 Aprum
415 404 449 458 a
477 422 747 458 novorum
768 403 1047 458 rhetorum
1076 421 1226 456 more
1248 402 1319 458 ad
1349 402 1712 476 antiquorum

167 511 450 558 oratorum
494 501 729 556 formam
773 500 988 555 trahere
1031 501 1244 555 nititur.
1328 504 1414 557 15.
1457 501 1601 557 Inde
1641 501 1714 563 de

168 600 417 674 antiquis
463 609 520 654 et
561 599 878 655 recentibus
921 598 1248 671 disputatio,
1333 598 1419 653 16.
1462 597 1531 653 In
1572 600 1716 655 anti-

171 716 412 772 quorum
434 696 847 752 venerationem
870 696 1193 768 conspirant
1221 694 1486 760 Messala,
1508 695 1718 752 Secun-

169 797 296 861 dus,
334 802 393 849 et
433 793 744 848 Maternus.
824 791 980 864 Aper
1012 792 1274 864 antiquos
1310 792 1633 860 insectatur,
1659 800 1720 849 et

172 893 345 949 seculi
372 892 455 946 sui
485 897 668 964 partes
697 895 902 943 tuetur.
987 894 1073 950 17.
1115 887 1403 944 Incertum
1429 890 1576 944 enim
1598 908 1719 946 esse

173 998 232 1045 et
285 991 585 1045 obscurum
650 988 1011 1059 antiquorum
1064 1005 1286 1041 nomen.
1370 993 1455 1043 18.
1525 986 1720 1059 Plures

176 1105 407 1161 quoque
428 1084 764 1158 eloquentiae
793 1083 1023 1156 species.
1071 1081 1428 1156 Malignitate
1453 1083 1721 1151 humana,

175 1192 364 1240 vetera
400 1184 456 1237 in
497 1182 681 1247 laude,
722 1181 1018 1254 praesentia
1056 1176 1117 1234 in'
1152 1181 1376 1236 fastidio
1416 1182 1549 1236 essess
1631 1189 1720 1245 19.

179 1281 435 1339 Cassium
479 1280 766 1358 Severum,
813 1297 983 1352 quem
1027 1279 1377 1351 antiquitatis
1421 1281 1723 1336 terminum

179 1381 548 1455 constituunt,
577 1398 689 1432 non
717 1377 954 1441 inscitia,
984 1375 1079 1431 sed
1107 1376 1325 1451 judicio
1351 1383 1408 1430 et
1434 1376 1726 1433 intellectu

181 1479 255 1533 ad
309 1466 516 1532 novusn
571 1474 796 1529 dicendi
854 1492 1027 1547 genus
1081 1491 1139 1527 se
1192 1472 1552 1529 transtulisse.
1599 1479 1723 1530 20.

182 1574 376 1630 Multa
419 1576 617 1629 veteris
654 1557 989 1644 eloquentiae
1026 1571 1177 1626 vitia.
1258 1570 1567 1626 Recentem
1607 1590 1728 1630 esse

182 1672 451 1726 laetiorem
477 1679 535 1725 et
575 1669 963 1744 pulchriorem.
1042 1674 1132 1724 21.
1177 1668 1269 1723 De
1297 1667 1489 1734 Calvo,
1530 1667 1728 1736 Coelio,

185 1764 249 1824 C.
274 1767 511 1833 Caesare,
557 1768 754 1832 Brut0,
800 1786 992 1821 eorum
1037 1766 1432 1839 Ciceronisque
1473 1767 1733 1825 carmini-

182 1868 308 1931 bus,
338 1867 407 1921 de
436 1866 632 1920 Asin-10
659 1875 717 1920 et
743 1863 984 1930 corvino
1003 1865 1234 1938 judicia.
1291 1870 1407 1921 22.
1449 1845 1730 1921 Ciceronis

183 1965 379 2019 laudes
415 1971 472 2018 et
498 1965 648 2017 vitia.
698 1969 818 2018 23.
861 1963 1154 2017 Summam
1187 1962 1524 2036 eloquentiae
1552 1969 1732 2017 artem

187 2081 323 2127 esse,
368 2062 726 2133 antiquorum
772 2061 990 2134 egregia
1020 2077 1276 2139 ¹quaeque
1323 2059 1547 2125 imitari,
1592 2064 1651 2114 et
1681 2055 1736 2123 ’ὲ

187 2160 503 2213 recentibus
531 2158 763 2212 feliciter
787 2167 1007 2232 reperta
1025 2160 1270 2215 miscere.
1318 2164 1410 2214 24.
1440 2155 1734 2213 Maternus

191 2254 497 2325 Messalam
534 2255 788 2310 hortatur
829 2275 941 2309 non
970 2254 1042 2308 ad
1071 2254 1449 2309 laudationem
1477 2253 1738 2327 antiquo-

190 2371 332 2416 rum,
360 2369 502 2424 quos
531 2353 682 2419 fama
713 2373 813 2407 sua
853 2354 985 2407 satis
1026 2352 1237 2417 laudat,
1279 2351 1372 2407 sed
1418 2357 1483 2404 ut
1519 2355 1738 2415 causaS,'

193 2467 293 2503 cur
317 2450 626 2503 intantum
655 2451 727 2504 ab
754 2469 946 2504 eorum
982 2450 1306 2521 eloquentia
1333 2466 1573 2522 praesens
1600 2454 1737 2502 aetas

193 2546 492 2609 recesserit,
533 2547 763 2618 aperiat.
843 2551 933 2602 25.
976 2546 1224 2601 Messala
1251 2546 1511 2619 quaedam
1546 2539 1736 2603 tamen

195 2643 267 2700 de
318 2643 680 2714 antiquorum
748 2644 990 2708 nomine,
1057 2651 1115 2698 et
1159 2643 1371 2716 judicia
1420 2642 1492 2696 de
1545 2640 1743 2706 Calvo,

196 2738 412 2804 Asini0,
433 2738 671 2804 Caesare,
700 2738 896 2804 Coelio,
917 2741 1124 2806 Bruto,
1148 2739 1433 2804 Cicerone,
1456 2742 1738 2793 retractat.

196 2835 287 2891 26.
329 2834 393 2890 C.
434 2834 776 2900 Gracchum,
823 2835 889 2890 L.
931 2835 1192 2892 Crassum
1244 2836 1452 2891 laudat.
1531 2833 1742 2889 Maece-

197 2939 387 2992 natem
411 2932 555 2999 vero,
581 2933 896 2996 Gallionem
919 2942 975 2990 et
1003 2934 1253 2996 Cassium
1271 2934 1539 2991 Severum
1559 2946 1743 3004 repre-s.
