1768 3236
165 212 253 254 214
720 203 1175 247 SUPPLEMEN'IUM
1418 206 1470 245 Α.
1491 179 1543 245 u.
1562 206 1609 246 c.
1629 207 1724 250 782.
1745 226 1760 235 -

172 315 273 375 filii,
305 311 427 367 ben&
464 310 732 377 composita.
800 312 960 361 Funus
991 312 1089 377 ejus
1110 309 1368 369 modicum,
1400 320 1728 362 testamentum

68 392 124 438 *59
173 396 254 443 diu
276 393 467 441 inritum
488 389 604 439 fuit:
642 386 824 438 laudata
846 399 914 436 est
937 403 1023 452 pro
1045 387 1205 437 rostris
1227 387 1256 435 a
1281 388 1340 438 C.
1357 388 1542 438 Caesare
1559 405 1727 454 prone-

111 469 124 480 ”
170 484 298 539 pote,
332 470 412 536 qui
435 485 550 518 mox
572 483 730 516 rerum
753 465 924 532 potitus
946 476 1030 513 est.

240 635 287 676 2.
323 629 407 675 AT
432 623 666 683 Tiberius,
699 621 831 688 quod
867 621 1094 686 supremis
1115 620 1164 669 in
1186 633 1383 671 matrem
1405 622 1564 673 officiis
1593 623 1726 674 defu-

170 706 295 765 isset,
329 690 442 754 nihil
466 701 642 751 mutata
664 698 927 749 amoenitate
962 699 1087 759 vitae,
1122 704 1155 727 ‘⁶
1179 699 1547 766 magnitudinem
1580 718 1725 769 nego-

170 790 206 814 “
239 784 447 832 tiorum”
473 798 557 847 per
579 780 731 828 literas
752 777 1016 827 excusavit:
1053 778 1726 851 honoresquememoriaeffl'us

169 864 228 912 ab
268 873 428 910 senatu
458 858 591 926 large,
617 858 844 913 decretos,
879 856 1007 921 quasi
1046 874 1131 921 per
1161 856 1434 906 modestiam
1472 857 1724 918 imminuit,

168 940 326 1007 paucis
348 937 609 987 admodfim
631 934 843 999 receptis,
878 946 923 982 et
959 935 1134 994 addito,
1168 940 1203 963 ‘⁶
1225 951 1286 983 ne
1325 936 1525 984 coelestis
1557 936 1724 1003 reiigio
1766 979 1768 981 ,

168 1025 202 1048 “
237 1019 597 1074 decerneretur;
634 1013 696 1062 sic
718 1013 864 1077 ipsam
887 1012 1168 1061 maluisse.''s
1224 1012 1353 1076 Quin
1384 1024 1429 1062 et
1450 1025 1580 1077 parte
1602 1016 1721 1080 ejus-

167 1098 278 1145 dem
324 1094 527 1160 epistolae
572 1091 801 1156 increpuit
845 1095 879 1119 ⁶⁶
915 1090 1133 1140 amicitias
1175 1083 1490 1150 muliebres,'’v
1531 1093 1720 1142 Fufium

162 1175 404 1224 consulem
443 1170 634 1236 oblique
667 1168 1009 1234 perstringens:
1044 1168 1083 1217 is
1105 1167 1252 1234 gratia
1275 1172 1506 1235 Augustae
1546 1169 1716 1219 florue-

165 1266 255 1313 rat,
296 1263 429 1317 aptus
467 1249 717 1298 alliciendis
755 1247 1058 1297 foeminarum
1097 1247 1278 1307 animis,
1318 1248 1453 1296 dicax
1487 1248 1630 1309 idem,
1671 1260 1720 1299 et

164 1330 407 1379 Tiberium
446 1327 622 1377 acerbis
660 1325 831 1375 facetiis
874 1325 1074 1379 inridere
1112 1325 1301 1374 solitus:
1351 1342 1550 1392 quarum
1593 1327 1719 1393 apud

165 1418 474 1474 praepotentes
496 1406 544 1454 in
567 1406 763 1471 longum
785 1403 1011 1452 memoria
1033 1414 1115 1452 est.

235 1573 280 1613 3.
319 1564 463 1613 CETE
473 1579 589 1610 RUM
623 1578 683 1610 ex
707 1578 763 1609 eo
785 1572 1020 1625 praerupta
1036 1561 1133 1626 jam
1157 1571 1202 1608 et
1224 1576 1398 1626 urgens
1434 1559 1683 1611 dominatio
1700 1579 1718 1612 z

159 1660 275 1704 ⁴nam
297 1640 519 1690 incolumi
543 1638 779 1706 Augusta,
814 1651 911 1687 erat
933 1639 1086 1688 adhuc
1116 1637 1414 1704 perfugium3
1451 1638 1558 1704 quia
1579 1639 1736 1689 Tibe-v

163 1722 234 1770 rio
269 1719 575 1769 inveteratum
616 1734 728 1784 erga
767 1729 964 1765 matrem
1003 1716 1297 1782 obsequium,
1337 1733 1490 1782 neque
1525 1718 1719 1784 SeJanus

162 1800 360 1848 audebat
400 1796 655 1846 auctoritati
689 1795 888 1860 parentis
938 1795 1124 1843 anteire.
1194 1795 1331 1843 Tunc
1381 1794 1510 1844 velut
1557 1794 1719 1858 fannis

161 1876 362 1926 exsoluti
385 1886 699 1940 proruperunt
715 1890 728 1922 :
754 1872 997 1938 missaeque
1015 1873 1063 1920 in
1078 1862 1388 1939 Agrippinam
1402 1889 1455 1921 ac
1471 1863 1717 1923 Neronem

161 1954 325 2014 literae,
360 1970 473 2018 quas
495 1950 682 2018 pridem
699 1951 887 2011 adlatas,
915 1962 962 1999 et
984 1950 1205 2000 cohibitas
1227 1951 1285 1999 ab
1308 1949 1545 2017 Augusta,
1568 1951 1717 2001 credi-

161 2033 227 2081 dit
263 2033 461 2098 vulgus:
499 2030 624 2081 haud
659 2029 783 2078 enim
814 2029 1021 2077 multum
1043 2040 1147 2093 post
1169 2039 1369 2077 mortem
1393 2030 1491 2094 ejus
1512 2029 1714 2085 recitatae

159 2123 283 2160 sunt.
352 2111 508 2158 Verba
547 2108 726 2156 inerant
761 2106 954 2173 quaesita
993 2106 1260 2171 asperitate:
1310 2107 1392 2155 sed
1435 2123 1532 2155 non
1567 2123 1722 2168 arma,

157 2205 255 2236 non
278 2206 437 2236 rerum
460 2203 689 2235 novarum
711 2186 946 2247 studium3
974 2190 1008 2212 ‘⁶
1031 2201 1212 2235 amores
1228 2187 1472 2251 juvenum,
1495 2196 1542 2234 et
1563 2185 1714 2251 impu-

158 2272 195 2295 ‘⁶
229 2266 465 2314 dicitiam''
511 2264 668 2330 nepoti
712 2265 997 2330 objectabat:
1034 2262 1083 2311 in
1117 2279 1292 2311 nurum
1336 2279 1396 2311 ne
1434 2262 1481 2310 id
1520 2262 1712 2328 quidem

156 2345 426 2409 confingere
465 2361 622 2403 ausus,
657 2348 691 2372 ‘⁶
714 2342 1031 2410 adrogantiam
1066 2341 1159 2391 oris
1189 2353 1234 2390 et
1258 2353 1583 2390 contumacem
1617 2340 1713 2390 ani-

154 2422 188 2450 “
223 2422 390 2469 mum''
435 2421 675 2480 incusavit,
731 2437 906 2487 magno
949 2419 1136 2469 senatus
1182 2436 1353 2484 pavore
1399 2437 1451 2468 ac
1497 2418 1675 2468 silentio
1691 2435 1708 2467 t

154 2500 303 2548 donec
343 2499 494 2563 pauci,
530 2499 658 2564 queis
681 2500 810 2548 nulla
832 2517 892 2547 ex
916 2499 1111 2547 honesto
1143 2515 1264 2563 spes,
1299 2510 1345 2546 et
1368 2497 1555 2563 publica
1587 2495 1710 2546 mala

153 2577 345 2644 singulis
375 2578 424 2624 in
460 2577 749 2626 occasionem
785 2578 945 2644 gratiae
979 2578 1244 2636 trahuntur,
1280 2581 1313 2605 ⁶⁶
1338 2588 1390 2624 ut
1420 2573 1708 2625 referrem-’³

151 2656 462 2721 postulavere,
521 2655 835 2719 promtissimo
893 2654 1035 2704 Cotta
1090 2654 1344 2703 Messalino
1398 2668 1509 2702 cum
1563 2651 1708 2701 atroci
1754 2686 1757 2690 -

151 2732 405 2795 sententia:
443 2733 524 2781 sed
551 2733 647 2781 aliis
671 2733 699 2781 a
732 2733 1030 2798 primoribus,
1067 2731 1364 2797 maximeque
1388 2731 1416 2779 a
1438 2729 1709 2797 magistrati-

150 2813 257 2870 bus,
291 2811 632 2875 trepidabatur:
671 2812 843 2877 quippe
878 2813 1113 2873 Tiberius,
1147 2811 1231 2861 etsi
1266 2808 1444 2859 infense
1481 2808 1708 2868 invectus,

149 2901 302 2940 cetera
323 2888 539 2956 ambigua
562 2888 825 2956 reliquerat.
1562 2882 1595 2889 f
