1768 3236
429 194 576 233 LIBRI
603 192 812 232 OCTAVI
839 191 1100 232 ANNALIU
1107 194 1168 233 M.

6 198 238 241 vescam.
291 244 297 249 θ
1520 201 1603 246 319

51 301 177 369 igne,
210 299 343 348 vultu
373 313 462 356 suo
480 299 494 320 ¹
527 296 675 356 torsit,
706 295 756 343 id
791 308 941 343 unum
970 311 1236 359 praecavens
1261 311 1323 350 ne
1348 296 1456 348 cito·
1474 299 1596 364 peri.

50 381 190 428 rent.²
259 375 474 425 Gemitus
506 391 712 439 quoque,
745 389 837 422 una
865 372 1073 437 patientis
1102 391 1159 423 ac
1181 373 1373 438 perituri
1427 377 1599 429 ominis

4 499 7 506 .
51 456 226 514 solatia,
258 446 495 514 invidens;
532 451 655 500 forte.
685 452 821 501 etiam
854 450 1089 500 liberiores
1118 450 1277 512 voces.
1307 470 1421 517 quas
1443 466 1600 505 extre-T

52 551 157 582 mus
178 533 331 591 dolor,
365 548 451 579 nec
474 530 532 578 ad
554 546 675 577 nova
695 528 915 593 supplicia
935 539 1182 592 superstes,
1215 529 1433 590 mitteret,
1465 549 1596 582 reve·
1645 584 1648 587 ,

49 611 180 670 ritus,
227 627 279 657 os
317 607 486 656 inserta
529 607 723 673 spongia
761 606 969 666 meludi,³
1015 617 1064 654 et
1098 606 1214 655 esim
1250 608 1458 674 spongiae
1495 626 1595 659 non

49 687 383 749 invenirentur,
416 686 560 734 scindi
594 685 862 734 vestimenta
895 685 1188 744 miserorum,
1221 696 1268 732 et
1288 685 1338 733 in
1358 703 1412 734 os
1440 685 1595 735 farciri

51 781 226 831 pannos
247 763 514 828 imperavit:
549 763 737 811 occluso
755 762 948 811 exiturae
966 761 1130 810 animae
1152 762 1292 821 loco.
1310 761 1360 811 in
1375 763 1593 814 ultimum

50 843 260 907 spiritum
281 841 442 890 saevire
463 840 677 906 gestiens.

115 1005 197 1045 45.
232 998 346 1044 NEC
395 995 577 1059 expleta
616 994 790 1042 diurnis
828 994 1069 1043 tormentis
1107 1007 1297 1044 cruenta
1334 995 1589 1061 cupiditas:

49 1086 186 1123 nocte
220 1073 496 1131 continuata,
530 1088 589 1119 ne
620 1088 720 1135 qua·
733 1082 851 1119 esset
876 1071 1121 1135 voluptatis
1150 1072 1459 1122 intermissio.⁴
1503 1072 1592 1139 Igi-

28 1165 126 1201 ‘tur
145 1152 194 1199 in
223 1162 359 1216 xysto
378 1153 392 1178 ⁵
422 1160 738 1197 maternorum
767 1145 1051 1208 hortorum,⁶
1084 1149 1164 1214 qui
1186 1150 1417 1214 porticum
1439 1150 1469 1198 a
1490 1150 1593 1215 ripa

0 1222 9 1230 ²
49 1239 243 1294 separat,
276 1228 581 1286 inambulans,
615 1228 841 1292 quosdam
863 1245 924 1275 ex
946 1227 1034 1276 illis
1056 1245 1166 1276 cum
1199 1228 1418 1277 matronis
1451 1239 1593 1294 atque

46 1307 143 1366 aliis
159 1323 165 1334 ¹
181 1305 463 1354 senatoribus
485 1305 543 1352 ad
565 1306 803 1353 lucernam
826 1304 1104 1353 decollavit.⁷
1173 1305 1384 1354 Feralem
1405 1312 1592 1356 scenam

0 1376 3 1381 ¹
48 1384 240 1448 excepit‘
273 1395 407 1431 atrox
446 1382 701 1431 consilium.
771 1384 930 1431 Patres
962 1382 1086 1431 enim
1122 1377 1383 1432 occisorum
1427 1382 1594 1433 eadem

0 1486 7 1494 ·
46 1473 201 1521 nocte,
256 1461 448 1510 dimissis
494 1479 579 1526 per
623 1462 788 1510 domos
811 1461 1183 1520 centurionibus,
1239 1459 1475 1527 confecit,⁸
1529 1471 1592 1511 ne

47 1539 231 1590 saevitiae
253 1540 607 1604 exprobratores
629 1540 783 1589 vivere
805 1550 1054 1604 pateretur.

117 1701 197 1744 46.
232 1697 346 1742 ToT
382 1694 502 1742 inter
522 1705 696 1742 mortes
729 1711 920 1743 casuum
942 1692 1237 1742 similitudine
1269 1693 1396 1742 haud
1417 1709 1596 1744 memo·

47 1773 212 1821 randas
235 1789 327 1821 una
349 1771 495 1821 extitit
523 1772 758 1838 insignior.
826 1774 985 1822 Jussus
1014 1772 1138 1822 enim
1173 1771 1339 1837 Capito
1352 1775 1372 1802 ⁹
1404 1771 1488 1821 filii
1516 1770 1592 1827 sui

1531 1849 1551 1868 ’ν

853 1935 993 1982 ticano,
1019 1947 1138 1985 prope
1155 1935 1276 1984 ripam
1294 1934 1454 1981 Tiberis,
1471 1938 1518 1972 ut
1534 1933 1602 1971 do·

99 1936 114 1954 ²
143 1937 256 1986 Igne,
284 1935 391 1974 vultu
420 1948 499 1973 suo,
556 1936 713 1984 Seneca,
741 1936 787 1974 de

852 1996 913 2027 cet
945 1990 1136 2036 Donatus,
1162 1989 1207 2025 de
1238 1988 1341 2026 Urbe
1371 1986 1505 2034 Roma,
1532 1999 1605 2026 ιιι.

0 2015 6 2040 ;
46 1990 123 2035 Ira,
150 2002 219 2027 111.
243 1994 308 2033 19.

94 2043 114 2060 ²
130 2042 213 2081 Citb
228 2043 407 2092 perirent.
443 2043 599 2080 Sueton.
616 2042 656 2079 in
676 2042 786 2089 Caio,
853 2048 918 2081 23.

44 2111 142 2136 xxx,
197 2097 286 2134 Non
321 2095 455 2133 temere
488 2096 526 2134 in
560 2108 785 2145 quemquam,
905 2092 923 2116 ⁷
941 2096 1007 2134 Ad
1022 2097 1210 2135 lucernam
1227 2095 1440 2134 decollavit.
1467 2094 1603 2133 Senec.

0 2152 5 2180 ῗ
43 2152 117 2190 nisi
144 2150 284 2188 crebris
301 2155 337 2186 et
354 2149 506 2187 minutis
533 2149 680 2196 ictibus,
708 2150 788 2188 ani-
854 2150 930 2188 loc.
948 2150 1015 2188 cit.

0 2197 10 2253 ’ξ
42 2203 227 2243 madverte·
239 2216 370 2254 passus
389 2209 444 2240 est
456 2218 469 2240 .·
485 2209 665 2253 perpetuo
682 2210 787 2241 noto-

0 2257 2 2285 ἷ
43 2273 112 2311 que
126 2260 214 2308 jam
239 2262 450 2307 praecepto;
478 2257 535 2294 ita
553 2257 652 2309 feri,
678 2263 722 2295 ut
747 2272 787 2296 se

907 2201 923 2224 ⁸
952 2202 1136 2254 Confecit.
1192 2202 1325 2241 Senec.
1354 2202 1401 2240 de
1430 2199 1505 2250 Ira,
1526 2189 1604 2240 ¹111.

856 2263 921 2297 20.
977 2256 1157 2308 Adjicere
1174 2256 1230 2294 his
1247 2256 1396 2307 longum
1414 2261 1484 2303 est,
1501 2257 1602 2306 quod

0 2335 7 2363 g,
43 2313 137 2351 mori
153 2311 306 2349 sentiat.

0 2404 2 2411 ,
97 2363 112 2385 ³
133 2363 288 2403 Insertli
303 2363 460 2415 spongia
471 2365 624 2403 includi.
653 2365 785 2403 Senec.

0 2414 4 2462 ἒ
43 2419 118 2457 loc.
137 2419 203 2456 cit.

0 2506 9 2517 r
95 2471 115 2494 ⁴
160 2470 406 2510 Inter-missio.
462 2472 592 2510 Sencc.
628 2473 676 2511 de
710 2471 787 2520 Ira,

0 2521 7 2580 ξ
46 2538 116 2565 111.
138 2531 201 2564 18.

0 2598 7 2630 ί
97 2579 111 2600 ⁵
143 2580 192 2618 In
222 2586 343 2631 xysto.
395 2580 541 2632 Xystus
573 2579 786 2618 ambulatio

0 2630 7 2663 ἶ
42 2640 123 2672 erat
157 2641 244 2672 ante
276 2633 467 2684 porticum
502 2635 700 2672 arboribus
733 2633 783 2671 ad

14 2688 295 2738 ‘apricandum
337 2688 497 2726 consita.
552 2687 617 2725 Sic
660 2687 787 2724 Plinio

14 2771 19 2777 ,
43 2739 124 2779 erat
140 2741 178 2778 in
195 2753 265 2779 suo
283 2741 514 2779 Laurentino
533 2746 619 2779 ante
637 2746 786 2791 crypto-

10 2814 19 2823 >‹
37 2794 225 2844 porticum
269 2799 398 2846 xystus
441 2795 549 2834 violis
594 2795 785 2833 odoratus.

45 2847 145 2886 Plin.
164 2849 238 2898 Ep.
255 2860 305 2886 11.
324 2853 386 2892 17.

97 2897 117 2918 ⁶
145 2901 410 2940 Imitemur-um
427 2900 631 2940 hortorum.
687 2900 788 2939 Hor-

45 2958 106 2992 tor
171 3002 181 3013 ·
194 2954 423 3006 Agrippinae,
442 2956 507 3005 qui
526 2962 632 2992 eraut
649 2955 691 2992 in
708 2954 788 2992 Va·
855 2971 859 2976 ·

850 2318 982 2362 patres
990 2323 1130 2361 quoque
1139 2309 1341 2348 occisorum
1346 2307 1472 2348 eadem
1481 2316 1602 2355 nocte,

856 2365 1015 2403 dimissis
1050 2376 1122 2414 per
1156 2364 1279 2402 domos
1315 2363 1604 2411 centurionibus,

857 2418 1017 2470 confecit
1028 2432 1041 2455 :
1084 2417 1125 2455 id
1158 2422 1227 2467 est,
1255 2416 1358 2455 homo
1393 2417 1603 2456 misericors

855 2473 959 2511 luctu
977 2470 1165 2510 liberavit.
1219 2471 1312 2509 Non
1330 2471 1426 2509 enim
1439 2470 1523 2509 Caii
1539 2484 1606 2509 soe-

856 2526 971 2572 vitiae,
988 2525 1054 2563 sed
1069 2524 1136 2563 irae
1150 2525 1285 2563 malum
1297 2524 1530 2575 propositum
1547 2530 1604 2562 est

858 2580 1076 2618 describere.

911 2632 927 2654 ⁹
956 2632 1094 2671 Jussus
1111 2633 1204 2670 enim
1222 2631 1370 2683 Capito.
1399 2631 1492 2678 Dio,
1512 2643 1606 2669 mx.

857 2700 896 2737 p.
914 2684 1007 2724 660.
1025 2686 1080 2723 ait
1097 2687 1325 2737 Capitonem
1344 2686 1465 2723 Cassii
1484 2684 1605 2723 Betil-

858 2741 927 2778 lini
946 2748 1090 2791 patrem
1109 2740 1235 2780 fuisse.
1291 2739 1423 2788 Hujus
1449 2750 1605 2789 quoque

859 2794 973 2833 caedis
990 2795 1195 2844 generatim
1213 2793 1387 2831 meminit
1399 2792 1608 2831 Suetonius

859 2848 899 2885 in
919 2849 1028 2894 Caio,
1058 2859 1204 2886 xxvix.
1258 2846 1442 2884 Parentes
1467 2846 1607 2897 suppli—

860 2901 1096 2952 ciofiliorum
1111 2901 1288 2939 interesse
1306 2900 1473 2950 cogebat.
1488 2946 1506 2969 q
