1768 3236
321 221 400 260 An
429 220 531 260 Lm.
560 219 636 258 m:
664 203 912 259 moninus
940 204 1365 257 GERMANORUM.
1535 211 1615 260 569

75 338 331 382 paganorum
361 332 549 381 tempore
577 325 861 375 observabant,
893 321 1084 378 deinceps
1112 334 1321 377 nunquam
1340 317 1488 369 valeat,
1519 315 1615 373 quia

75 413 153 455 per
181 399 312 454 ipsam
339 398 488 441 cecidit
516 397 741 440 multorum
773 395 994 453 potestas.''
1055 394 1215 437 Melihs
1234 393 1333 450 ergo
1353 391 1378 434 zi
1396 391 1614 434 Oanaden-

78 472 191 515 sibus
217 473 440 528 provisum,
460 488 583 528 penes
614 484 717 528 quos
735 487 819 513 non
836 469 1102 512 interfectoris
1123 470 1282 520 domuS,
1303 468 1373 509 sed
1391 466 1480 522 ipse
1498 465 1612 508 vicus

78 546 286 588 satisfacit.
342 546 465 588 Tunc
487 547 596 589 enim
616 546 728 588 nulla
748 545 898 601 ingruit
912 544 1046 597 ruina;
1067 559 1137 603 reo
1157 551 1295 585 autem
1315 541 1408 598 plns
1427 539 1610 597 pudoris.

75 612 185 662 Vide
226 619 278 662 P.
304 621 355 662 de
395 620 654 673 Charlevoix,
700 626 729 645 “
749 618 923 663 Journal
963 617 1186 673 historique
1222 617 1318 658 d'un
1358 630 1512 671 voyage
1559 616 1610 657 de

74 693 371 752 l’Amerique.”
404 696 546 738 Lettre
568 709 716 737 xvnl.
737 710 780 750 p.
801 700 900 740 274.
956 693 1062 740 Quae
1082 693 1217 734 forent
1245 691 1358 746 apud
1377 683 1610 732 Germanos

75 769 390 812 homicidiorum
404 769 533 826 pretia
543 770 633 826 jam
650 768 820 811 vidimus
839 783 960 824 supra
975 783 1017 823 p.
1030 773 1130 813 557.
1161 766 1267 806 Vide
1282 773 1323 806 et
1338 763 1440 805 infra
1456 779 1497 819 p.
1509 769 1609 811 572.

136 844 356 900 Hospitiis.
414 844 542 901 Apud
561 859 650 897 nos,
670 843 840 885 invicem
872 857 947 899 per
965 840 1213 883 commercia
1233 839 1417 890 innexos,
1446 836 1610 893 languet

74 919 344 975 hospitalitas,
394 919 506 975 viget>
539 921 648 975 apud
691 920 889 960 barbaros
938 915 1158 958 latrociniis
1209 915 1394 956 infames.
1465 912 1609 970 Hujus

74 993 316 1036 discriminis
336 1009 458 1036 causa
482 993 524 1035 in
549 1003 707 1049 aperto.
767 991 935 1034 Scilicet
962 989 1209 1033 commercia
1239 987 1419 1044 populos
1437 987 1609 1044 conjun-

74 1076 204 1123 gunt;
234 1067 413 1124 privatos
451 1068 645 1120 dividunt,
685 1083 810 1124 penes
846 1082 949 1123 quos
986 1063 1330 1107 commerciorum
1362 1078 1438 1105 usu
1471 1061 1610 1104 omnia

75 1141 180 1184 fiunt
217 1142 386 1185 venalia.
449 1142 506 1185 Et
538 1151 690 1199 quanto
725 1141 855 1197 magis
891 1142 999 1196 apud
1035 1148 1197 1195 gentem
1237 1137 1414 1194 aliquam
1453 1138 1609 1179 fervent

2 1249 7 1251 -
76 1217 338 1269 commercia,
360 1225 475 1259 tanto
495 1216 624 1272 magis
643 1218 695 1258 ab
715 1214 991 1272 hospitalitate
1009 1214 1213 1255 abhorret.
1274 1212 1430 1254 Contra
1447 1211 1610 1254 barbari

77 1291 325 1333 commercia
351 1306 434 1334 non
454 1292 625 1333 norunt:
656 1289 869 1333 latrocinia
888 1297 1095 1340 exercent,
1122 1288 1216 1329 cilm
1237 1286 1438 1342 indigent:
1468 1286 1612 1343 hospi-

76 1364 180 1407 tales
200 1375 309 1418 sunt,
332 1351 449 1423 *quod
478 1365 520 1407 in
547 1365 651 1407 hanc
677 1363 965 1406 liberalitatem
995 1350 1137 1404 natura
1156 1363 1399 1418 propendet,
1430 1360 1610 1419 ipsisque

74 1440 256 1495 expedit.
316 1425 430 1482 Haecv
456 1439 643 1496 pluribus
675 1438 881 1494 ingeniose
915 1436 1093 1493 explicat
1131 1435 1199 1478 Cl.
1218 1437 1269 1478 de
1301 1435 1611 1493 Montesquieu,

75 1517 104 1539 “
125 1513 270 1570 Esprit
288 1515 359 1556 des
381 1514 528 1567 Loix,”
552 1529 637 1556 xx.
658 1519 699 1556 2.

136 1587 286 1644 Epulis
316 1589 477 1646 excipit.
537 1587 601 1630 Ita
622 1587 742 1644 vulgo
763 1587 901 1630 MSS.
920 1595 962 1629 et
988 1586 1081 1629 libri
1101 1586 1211 1630 editi.
1270 1584 1323 1629 In
1349 1586 1452 1629 MS.
1471 1585 1609 1631 Vatic.

73 1663 382 1719 2964.>recipit.
479 1652 481 1654 Ι
519 1645 527 1653 .

0 1765 2 1770 ·
137 1735 244 1779 C-dm
273 1735 464 1794 defecere.
524 1737 595 1780 Sic
625 1743 779 1779 veteres
809 1744 850 1779 et
880 1736 1125 1779 recentiores
1158 1735 1368 1778 editiones.
1429 1734 1610 1792 Lipsius,

71 1810 280 1868 defecerit.

137 1883 188 1927 Si
217 1885 318 1943 quid
339 1886 582 1942 poposcerit.
644 1886 761 1928 Bene
791 1885 930 1928 MSS.
959 1884 1161 1928 Arundel.
1183 1884 1328 1927 vatic.
1353 1889 1477 1928 1518.
1495 1886 1613 1934 2964

78 1968 121 2003 et
145 1965 276 2018 4498.
301 1969 342 2003 et
371 1969 527 2003 veteres
558 1977 605 2003 ac
635 1961 880 2003 recentiores
909 1960 1121 2003 editiones.
1179 1958 1405 2001 Rhenanus
1423 1961 1613 2003 emenda-

64 2043 203 2086 verat,
215 2034 460 2091 poposceris.
518 2034 570 2077 In
589 2035 694 2078 MS.
712 2035 846 2077 Vatic.
873 2035 994 2078 1862.
1007 2040 1296 2092 poposcerunt.

139 2181 209 2224 CA
218 2196 260 2224 P.
290 2187 361 2224 2⁶2.
406 2179 547 2224 Victus
583 2182 691 2224 inter
726 2182 900 2239 hospites
937 2172 1070 2224 comis.
1132 2181 1240 2225 Haec
1274 2183 1444 2226 omnino
1478 2184 1615 2240 spuria

80 2264 218 2298 censet
234 2254 302 2298 Cl.
322 2257 373 2298 de
394 2255 433 2298 la
454 2256 660 2298 Bleterie:
691 2256 866 2313 ideoque
885 2272 933 2299 ea
953 2257 994 2298 iu
1014 2257 1089 2298 sua
1109 2256 1443 2314 interpretatione
1461 2259 1614 2303 omisit.

81 2328 202 2371 Nihil
235 2339 370 2372 tamen
404 2330 649 2373 mutaverim
683 2330 724 2373 in
754 2340 867 2373 tanto
905 2329 1102 2373 librorum
1135 2346 1359 2387 consensu3
1396 2349 1529 2392 neque
1565 2350 1615 2377 ea

76 2405 231 2446 absona
249 2404 502 2447 crediderim.

142 2477 262 2520 Inter
300 2478 540 2521 vinolentos.
611 2477 731 2521 Male
771 2486 899 2521 tentat
936 2478 1170 2533 Rhenanus,
1215 2479 1423 2525 violentos.
1496 2482 1622 2526 Licet

82 2550 344 2594 ulterioribus
366 2551 586 2594 Germanis
604 2551 742 2595 vinum
761 2568 842 2594 non
862 2553 1000 2606 fuerit,
1018 2553 1121 2596 alius
1139 2561 1226 2597 erat
1244 2563 1381 2610 potus,
1395 2557 1466 2614 qui
1483 2557 1618 2600 ebrie-

80 2632 207 2667 tatem
228 2627 392 2668 faceret.

144 2697 227 2741 Sed
245 2707 284 2741 et
303 2699 354 2741 de
370 2699 700 2743 reconciliandis.
732 2701 849 2744 Bene
866 2701 1003 2745 MSS.
1017 2702 1152 2745 Vatic.
1164 2701 1311 2746 Turic.
1324 2713 1365 2746 et
1382 2704 1617 2749 Rhenanus.

83 2772 136 2814 ln
155 2772 259 2816 MS.
279 2773 479 2815 Arundel.
499 2782 541 2815 et
560 2774 765 2817 veteribus
784 2775 1045 2829 editionibus,
1063 2776 1134 2819 sed
1149 2777 1198 2819 de
1219 2777 1503 2821 reconciliatis.

147 2845 454 2904 Licenticijoci.
516 2847 632 2889 Bene
655 2847 791 2893 MSS.
811 2849 946 2893 Vatic.
978 2850 1174 2894 editiones
1192 2860 1349 2895 veteres
1378 2861 1420 2895 et
1449 2853 1622 2900 recentia

87 2935 193 2962 ores.
252 2920 372 2964 Male
393 2920 572 2977 Lipsius,
591 2920 685 2967 loci.
