1768 3236
177 183 232 231 76
673 180 723 219 e.
750 177 1017 221 CORNELn
1044 178 1230 218 TACITI

175 304 285 339 rum
319 302 372 339 ac
394 283 625 335 montium
647 282 858 350 erigitur,
882 282 1128 335 latrociniis
1157 293 1412 348 pererrant.
1439 333 1442 335 ,
1479 282 1723 338 Hitamen

178 366 297 414 inter
322 365 585 414 Germanos
615 362 774 427 potitis
805 361 1090 421 referuntur,
1118 360 1225 426 quia
1247 372 1292 410 et
1322 361 1497 411 domos.
1512 363 1724 430 fingunt}

180 454 226 493 et
247 453 377 491 scuta
397 445 593 508 gestant,
611 452 657 489 et
679 440 854 505 pedum
877 457 964 488 usu
987 457 1040 488 ac
1062 439 1326 504 pernicitate
1348 440 1550 506 gaudent
1560 458 1598 490 ς.
1617 459 1724 507 quae

180 520 336 571 omnia
369 520 548 568 diversa
581 518 798 569 Sarmatis
838 530 962 578 sunt,
996 518 1046 566 in
1075 518 1280 582 plaustro
1304 522 1546 583 equoque¹
1561 519 1726 570 »vivenc-

180 599 317 649 tibus.
386 597 554 648 Fennis
569 601 586 621 ²
622 597 740 646 mira
773 596 944 656 feritas,
981 595 1109 646 foeda
1142 607 1413 661 paupertas:
1448 613 1546 645 non
1579 613 1726 658 arma,

178 694 277 727 non
299 675 424 743 equi,
447 692 543 724 non
564 686 779 740 penates:
817 675 956 724 victui
979 675 1140 734 herba,
1162 674 1343 723 vestitui
1364 674 1536 738 pelles:
1573 675 1727 730 cubtile

180 755 384 804 humus:
420 754 518 802 sola
556 753 604 801 in
639 752 810 819 sagittis
849 769 970 817 spes,
1016 769 1130 817 quas
1173 750 1328 816 inopia
1372 751 1501 811 ferri,
1545 752 1725 802 ossibus

181 843 408 897 asperant.
477 831 701 895 Idemque
724 840 916 878 venatus
949 828 1072 877 viros
1106 828 1276 893 pariter
1309 846 1361 877 ac
1389 828 1604 879 foeminas
1630 830 1725 879 alit.

182 909 357 961 Passim
390 908 514 964 enim
547 907 841 966 comitantur,
875 918 1147 971 partemque
1177 907 1348 970 praedae
1370 918 1556 971 petunt.
1623 909 1728 958 Nee

183 988 311 1053 aliud
344 986 593 1036 infantibus
620 985 826 1034 ferarum
859 985 1171 1049 imbriumque
1193 985 1465 1050 suffugium,
1500 986 1734 1051 quam·‘ui:

184 1057 234 1117 ἰή
269 1066 424 1131 aliquo
458 1081 698 1113 ramorum
731 1081 858 1113 nexu
893 1075 1227 1130 contegantur:
1264 1063 1356 1111 huc
1380 1064 1576 1112 redeunt
1599 1066 1732 1130 Juvat-

186 1159 288 1203 nes,
324 1144 414 1192 hoc
451 1159 616 1192 senum
655 1143 1015 1208 receptaculum.
1085 1142 1179 1191 Sed
1217 1141 1397 1195 beatius
1436 1142 1733 1204 arbitrantur,

189 1221 335 1287 quam
368 1221 604 1288 ingemere
639 1222 779 1288 agris,
809 1222 1051 1271 illaborare
1074 1220 1306 1280 domibus,
1339 1237 1444 1268 suas
1473 1219 1734 1287 alienasque

189 1298 400 1349 fortunas
422 1318 503 1365 spe
526 1310 747 1365 metuque
770 1317 966 1350 versare.
1036 1298 1226 1348 Securi³
1250 1298 1477 1347 ‘adversus
1503 1298 1741 1360 homines,

191 1377 342 1426 securi
371 1378 595 1427 adversus
629 1379 776 1438 Deos,
811 1395 912 1426 rem
935 1377 1248 1427 difficillimam
1283 1375 1485 1425 adsecuti
1521 1387 1646 1436 sunt,
1681 1387 1736 1425 ut

192 1454 281 1504 illis
315 1472 375 1504 ne
413 1456 525 1504 voto
554 1456 775 1521 quidem*
806 1473 925 1520 opus
959 1467 1090 1504 esset.
1161 1456 1330 1504 Cetera
1362 1456 1458 1520 jam
1493 1452 1732 1504 fabulosa:

193 1537 227 1561 “
261 1533 497 1582 Hellusios
519 1544 564 1582 et
589 1533 798 1583 Oxionas
817 1536 831 1562 ⁵
865 1551 948 1583 ora
980 1533 1224 1582 hominum
1245 1533 1511 1598 vultusque,
1539 1548 1737 1597 corpora

252 1731 268 1752 ¹
297 1734 350 1772 In
377 1735 552 1784 plaustro
591 1748 765 1787 equoque.
815 1736 878 1774 Sic
895 1742 933 1774 et

198 1788 314 1827 hodie
323 1788 456 1826 vivunt
471 1789 733 1827 Sarmatarum
748 1790 933 1841 reliquiae‚

201 1842 264 1880 the
285 1841 461 1890 Tartars,
489 1843 551 1881 tlte
570 1844 745 1895 Nogays.

253 1892 273 1912 ²
298 1896 447 1935 Fennis.
477 1897 622 1935 Eorum
638 1898 739 1949 regio
754 1897 778 1936 ὲ
794 1898 933 1944 Plinio,

199 1961 261 1988 ιν.
296 1954 359 1988 13.
394 1951 552 1999 dicitur,
581 1951 764 2004 Eningia.
820 1953 934 1991 Forte

198 2003 336 2042 melius
359 2004 545 2056 legeretur
566 2005 762 2057 Feningia.
808 2007 934 2045 Hodie

202 2057 377 2097 Finland.
406 2059 621 2097 Fennorum
637 2060 824 2098 feritatem
840 2074 936 2112 pau·

198 2118 464 2164 pertatemque
473 2113 875 2153 describitWarnefrid
882 2128 936 2162 us,

202 2166 251 2203 de
285 2166 413 2205 Gestis
445 2168 799 2219 Langobardorum,
835 2181 866 2207 1.
897 2173 935 2207 5.

203 2218 422 2268 Scritobini‚
464 2221 594 2273 potius
638 2221 937 2273 Scritofinni‚--

203 2274 346 2312 aestatis
365 2280 526 2325 tempore
544 2276 691 2314 nivibus
707 2290 780 2314 non
794 2282 939 2324 carent,

204 2340 271 2365 nec
290 2327 389 2373 aliis,
405 2334 535 2380 utpote
555 2330 655 2381 feris
673 2331 763 2381 ipsis
792 2331 939 2368 ratione

204 2394 279 2419 non
312 2381 493 2434 dispares,
518 2385 627 2434 quom
657 2384 783 2422 crudis
814 2398 939 2436 agres-

205 2435 299 2473 tium
327 2435 569 2474 animantium
590 2438 764 2476 carnibus
789 2451 940 2477 vescun-

204 2494 271 2527 tur
282 2505 298 2534 ;
327 2490 373 2527 de
390 2503 543 2540 quorum
569 2492 679 2529 etiam
698 2492 810 2530 hirtis
832 2493 943 2544 pelli-

205 2543 271 2580 bus
295 2542 367 2581 sibi
393 2544 607 2583 indumenta
635 2551 824 2598 coqptant.
881 2546 942 2585 Hi

205 2597 230 2634 ἃ
243 2596 419 2642 saliendo,
421 2599 543 2647 juxta
554 2598 718 2650 linguam
730 2600 940 2645 barbaram,

205 2649 463 2702 etymologiam
481 2652 640 2690 ducunt:
673 2653 828 2691 saltibus
846 2654 941 2691 enim

203 2708 364 2749 utentes,
378 2711 462 2742 arte
476 2704 636 2755 quddam
653 2706 757 2757 ligno
772 2707 941 2755 incurvo,

205 2758 257 2795 ad
272 2755 384 2795 arcas
400 2758 691 2806 similitudinem,
703 2760 819 2812 feras
836 2762 941 2799 adse-

206 2817 386 2862 quantur.
442 2812 486 2849 In
520 2813 579 2850 his
611 2813 786 2861 saltibus,
816 2814 855 2852 in
884 2815 940 2852 in·

205 2877 326 2903 curvo
345 2875 582 2917 arcuatoque
599 2866 714 2918 ligno,
739 2881 940 2918 agnoscere

204 2927 260 2957 est
277 2919 516 2958 Canadenses
542 2921 676 2969 soleas,
705 2934 800 2972 quas
819 2922 937 2973 vulgo

204 2972 370 3012 dicimus
388 2974 549 3014 raclcets.
604 2975 752 3014 Earum
769 2976 939 3028 descrip-

1003 1736 1144 1774 tionem
1155 1735 1240 1773 vide
1253 1734 1357 1786 apud
1371 1734 1414 1771 P.
1429 1733 1475 1771 de
1490 1732 1743 1782 Charlevoix,*

1003 1791 1079 1828 loc.
1099 1791 1166 1828 cit.
1185 1789 1320 1827 Lettre
1339 1800 1433 1826 xxv.
1452 1800 1489 1838 p.
1510 1791 1603 1826 221.

1058 1841 1074 1863 ³
1105 1843 1250 1882 Securi.
1279 1843 1342 1881 Sic
1359 1842 1515 1888 Seneca,
1532 1841 1606 1892 Ep.
1622 1851 1736 1880 xvxi.
1761 1843 1767 1850 “

1003 1898 1246 1936 commendat
1262 1902 1539 1948 paupertatem,
1556 1893 1636 1946 qua
1648 1905 1739 1946 pro-

1004 1952 1172 1991 mittitur
1194 1956 1374 2002 perpetua
1392 1950 1560 1996 libertas,
1585 1948 1739 1995 nulline,

1004 2020 1070 2045 nec
1105 2005 1272 2051 hominis,
1299 2018 1364 2043 nec
1388 2003 1466 2043 Dei
1493 2003 1619 2041 timor.
1675 2002 1738 2040 De

1005 2058 1178 2098 interrita
1205 2058 1488 2097 Canadensium
1522 2055 1740 2103 securitate,

1006 2115 1096 2152 curn
1116 2126 1294 2165 suprema
1315 2113 1400 2150 vitae
1418 2112 1571 2158 instant,
1587 2110 1675 2149 vide
1695 2108 1740 2149 P.

1007 2169 1054 2206 de
1095 2167 1341 2214 Charlevoix,
1388 2167 1463 2204 loc.
1505 2166 1572 2204 cit.
1606 2163 1742 2204 Leme

1009 2234 1134 2261 xxvr.
1154 2235 1192 2272 p.
1213 2225 1306 2264 372.
1674 2221 1678 2224 ’
1705 2223 1714 2228 ”

1061 2273 1082 2298 ⁴
1108 2276 1173 2313 Ne
1192 2281 1278 2314 voto
1297 2274 1454 2326 quidem.
1493 2271 1574 2311 Illis
1600 2271 1743 2310 'natura

1009 2330 1161 2368 sufficit.
1191 2330 1285 2367 Inde
1298 2341 1345 2366 ne
1359 2335 1447 2366 voto
1462 2326 1618 2377 quidem
1631 2337 1743 2377 opus,

1009 2384 1095 2435 quia
1114 2388 1254 2422 natura
1269 2382 1456 2421 minimum
1476 2380 1590 2431 petit,
1608 2380 1742 2420 Sene-c.

1010 2438 1086 2476 loc.
1107 2438 1175 2476 cit.

1065 2489 1080 2512 ⁵
1110 2492 1304 2530 Hellusios
1339 2495 1376 2527 et
1408 2489 1585 2528 Oxionas.
1630 2487 1746 2526 Ultra

1012 2546 1043 2583 F
1044 2558 1159 2583 ennos
1178 2545 1344 2584 Hellusii
1364 2553 1402 2581 et
1429 2543 1613 2588 Oxiones,
1639 2553 1745 2580 nune

1012 2599 1196 2651 Laponia.
1242 2599 1345 2639 Cum
1363 2597 1403 2635 in
1420 2597 1478 2635 his
1497 2595 1746 2647 frigidissimis

1011 2654 1227 2704 regionibus
1256 2652 1425 2691 hominae
1452 2651 1646 2689 horrerent
1667 2648 1747 2688 hir-

1010 2709 1105 2745 sutis
1132 2708 1298 2746 ferarum
1327 2705 1508 2758 pellibus,
1537 2703 1632 2743 dicti
1657 2709 1747 2742 sunt

1011 2774 1079 2799 ora
1111 2762 1325 2807 hominum,
1370 2771 1533 2810 corpora.
1565 2765 1748 2809 artusque

1011 2815 1176 2853 ferarum
1205 2828 1352 2866 gerere;
1381 2812 1578 2852 communi
1609 2823 1747 2858 errore,

993 2892 995 2896 ι
1009 2875 1047 2906 et
1061 2869 1165 2920 apud
1181 2881 1249 2907 nos
1264 2869 1379 2907 etiam
1394 2864 1747 2918 in'longinquarum

1009 2923 1356 2974 peregrinationum
1371 2920 1653 2959 narrationibus
1666 2918 1750 2957 vul-

1009 2984 1111 3027 gato.
1167 2977 1280 3030 Adtde
1298 2976 1414 3015 moris
1436 2987 1514 3013 esse
1527 2974 1634 3025 apud
1664 2974 1749 3012 bar-
