1768 3236
174 180 256 222 654
323 166 326 174 ‘
587 182 755 221 NOTAE
784 180 854 221 Εἰ·
883 181 1332 222 ΕΜΕΝΠΑΤιοΝΕε
1357 183 1383 217 ἢ·

167 292 272 342 pate
325 283 495 336 fectum.
556 283 791 327 Beroaldus
816 292 859 327 et
893 283 977 337 alii,
991 283 1181 342 factum.
1226 285 1729 344 {Emendabanodiun

128 384 129 387 =
171 361 207 405 si
241 375 323 402 non
354 359 567 412 universae,
589 374 670 416 per
694 365 843 417 partes
875 366 1071 402 attamen.
1131 358 1292 403 Melius
1320 360 1549 415 Acidalius,
1577 363 1730 407 εἰῶ

173 436 386 487 universae,
416 441 463 477 at
478 441 621 491 partes
639 431 810 486 earum,-
839 434 952 492 quod
962 435 1059 491 jam·
1074 433 1232 491 recepit
1251 433 1401 478 Editor
1416 435 1684 481 oxoniensis.
1706 416 1708 418 >

234 509 383 552 Sordes
401 502 539 552 autem
557 508 788 552 verborum.
850 507 954 553 MS.
975 509 1112 552 vatic.
1145 513 1276 558 4498.
1303 509 1442 553 sordes
1473 517 1613 555 autem
1644 510 1730 556 31ae

173 586 406 629 verborum.
466 582 517 627 In
545 583 725 626 editione
743 583 950 651 principe,
978 583 1115 627 sordes
1133 591 1269 627 autem
1289 591 1329 627 et
1346 584 1580 628 verborum.
1607 622 1611 627 .

233 658 579 718 Magnitudinem
598 658 911 717 cogitationum.
970 658 1022 701 In
1040 659 1244 702 veteribus
1274 658 1539 714 editionibus,
1566 659 1731 720 nugae,

174 734 360 778 tudinem
380 733 639 793 cognitionis.
699 733 751 776 In
783 733 1083 777 recentioribus
1116 733 1228 777 recte
1261 734 1540 792 emendatum,
1569 735 1728 794 cogito*

172 810 348 854 tionum.
410 809 481 853 Sic
502 808 612 851 vell.
641 809 806 852 Patere
840 822 896 851 11.
929 814 1002 852 41.
1046 813 1075 834 “
1097 808 1202 862 Hic,
1236 807 1382 852 Julius
1404 807 1559 862 Caesar,
1587 807 1728 853 aruino

169 900 297 943 super
313 862 537 928 humanam
556 893 599 927 et
616 892 804 927 naturam
834 891 877 927 et
904 884 1029 926 fidem
1062 888 1243 937 evectus,
1271 883 1551 943 magnitudine
1569 883 1730 941 cogita-
1755 911 1768 924 ι

171 961 348 1014 tionum,
378 958 589 1004 celeritate
606 959 809 1003 bellandi·
825 983 838 996 ·
853 983 867 996 ·
882 974 1056 1016 0magno
1088 958 1149 1002 illi
1181 958 1440 1013 Alexandro,
1469 958 1542 1002 sed
1570 959 1726 1016 sobrio,

169 1053 304 1094 neque
322 1037 535 1089 iracundo,
564 1034 837 1079 simillimus.''

229 1112 288 1156 In
307 1110 541 1170 eloquenti&
559 1109 748 1168 ffcerit.
808 1109 876 1153 Ita
905 1108 1045 1153 MSS.
1077 1108 1290 1159 Vatic.1et
1320 1109 1520 1153 editiones
1552 1117 1726 1154 veterem

167 1187 399 1231 Beroaldus
419 1186 560 1230 omisit
578 1185 928 1243 praepositionem.
987 1183 1111 1228 Unde
1130 1183 1287 1228 Illustr.
1315 1185 1502 1229 Huetius
1521 1177 1723 1238 tenmhnt',

167 1261 398 1322 eloquentic‘i
416 1261 626 1320 effulserit,
655 1261 735 1314 vel,
755 1259 996 1320 eloquentiae
1015 1258 1230 1317 suffecerit.

227 1337 518 1381 Lentitudinis
537 1353 586 1380 ac
607 1337 773 1394 teporis.
836 1335 953 1379 Bene
976 1335 1145 1391 Lipsius
1164 1343 1206 1378 et
1226 1334 1490 1378 recentiores.
1524 1332 1576 1377 In
1606 1341 1742 1378 vete--

164 1413 277 1457 ribus
297 1412 562 1466 editionibus,
591 1411 796 1469 temporis.
855 1409 979 1453 Unde
1002 1408 1191 1453 Schelius
1222 1408 1487 1467 conjiciebat,
1517 1407 1722 1466 torporin

164 1490 278 1547 quod
308 1496 521 1545 receptum
553 1486 596 1529 in
627 1485 806 1529 editione
839 1485 983 1529 oxon.
1005 1482 1182 1537 Plinius,
1215 1497 1344 1527 xvn.
1373 1489 1446 1527 24.
1503 1483 1556 1526 de
1587 1481 1727 1527 erucis

165 1564 296 1608 dixit:
331 1568 361 1590 “
382 1562 584 1606 Nascitur
601 1562 683 1604 hoc
701 1559 857 1603 malum
877 1570 1020 1617 tepore
1035 1558 1208 1601 humido
1226 1566 1268 1600 et
1287 1556 1443 1600 lent0.”
1511 1597 1514 1600 ,

223 1639 421 1698 Ipsosque
437 1653 597 1682 nervos.
656 1635 724 1679 Ita
743 1634 882 1679 MSS.
902 1633 1040 1677 Vatic.
1101 1632 1172 1678 Sic
1187 1632 1312 1676 etiam
1331 1631 1524 1689 placebat
1543 1631 1724 1676 Schm—

161 1713 473 1760 fleischi0.1n
490 1712 606 1756 libris
625 1711 759 1764 editis,
789 1711 897 1768 ipsos
916 1723 1078 1768 quoque
1096 1723 1536 1752 nervos..
1694 1725 1720 1731 ’Ἲ

221 1790 375 1835 Rubor
392 1789 508 1848 tegit.
569 1788 689 1831 Bene
711 1787 848 1831 MSS.
877 1785 1016 1828 Vatic.
1044 1792 1087 1828 et
1117 1783 1318 1827 editiones
1350 1763 1610 1827 recentiores.
1645 1779 1721 1824 In

162 1866 385 1919 veteribus,
415 1864 556 1907 robur.
614 1863 739 1908 Unde
759 1861 926 1920 quidam
945 1859 1230 1912 emendarunt,
1259 1858 1423 1902 rubore.
1699 1857 1721 1899 ἱ

221 1941 364 1985 Decor
398 1938 668 1984 commendat.
729 1937 833 1981 MS.
864 1934 1002 1978 Vatic.
1039 1939 1164 1978 1518.
1206 1933 1414 1977 decorum.
1471 1931 1578 1976 Non
1608 1928 1721 1975 male

161 2017 361 2060 editiones
398 2023 556 2059 veteres
594 2022 637 2057 et
664 2011 938 2065 recentiores,
986 2009 1122 2054 decor.
1181 2007 1233 2053 Iu
1271 2007 1417 2058 mediis
1455 2005 1721 2066 quibusdan,

161 2091 317 2135 decore.
1689 2086 1716 2122 '‘-

227 2165 477 2218 Viderimus,
502 2166 687 2223 inquam.
747 2162 967 2207 Editiones
986 2168 1158 2214 veteres,
1177 2159 1401 2203 viderimus
1418 2171 1590 2216 mquam
1594 2154 1726 2215 Judu

163 2242 227 2285 cio
261 2242 347 2299 ejus
376 2241 442 2285 vis
477 2247 552 2284 aut
585 2238 717 2282 animi
748 2246 824 2282 aut
859 2237 1016 2296 ingenii
1049 2234 1283 2292 sufficeret..
1321 2233 1373 2277 In
1407 2230 1722 2284 recentioribus,

160 2315 374 2374 suffecerit.
435 2314 699 2358 Emendabat
733 2313 942 2365 Pithoeus,
970 2310 1192 2356 viderimus
1223 2323 1321 2353 num
1340 2306 1510 2368 judicio
1539 2306 1625 2365 ejus
1654 2303 1730 2349 m’n

162 2398 238 2435 aut
257 2390 389 2435 animi
408 2397 483 2434 aut
514 2389 675 2448 ingenii
703 2387 921 2445 suffixerit.
981 2385 1133 2430 Editor
1166 2383 1433 2437 Oxoniensis,
1461 2381 1658 2426 videmus
1671 2378 1746 2448 ¹3⁸,-

162 2474 322 2526 quanta
328 2465 544 2524 judicium
562 2465 648 2523 ejus
667 2471 708 2507 et
727 2463 790 2507 vis
807 2471 896 2507 tum
914 2462 1048 2506 animi
1066 2468 1155 2504 tum
1172 2459 1333 2519 ingenii
1351 2455 1570 2514 suffecerit.
1599 2451 1727 2499 Bene

161 2541 284 2585 vertit
303 2540 545 2595 Davanzati,
575 2543 603 2565 ‘⁴
620 2538 683 2587 Di
703 2538 887 2582 Corvino
905 2552 988 2581 non
1008 2536 1067 2580 mi
1100 2535 1244 2592 dolgo‚
1274 2549 1348 2591 per
1366 2533 1443 2576 che
1475 2531 1529 2573 da
1546 2528 1627 2572 lui'
1630 2538 1732 2571 mn:

163 2616 275 2659 resto
295 2616 338 2658 di
356 2615 533 2658 arrivare
552 2612 578 2656 a
598 2622 746 2672 questo
764 2612 864 2657 lieto
885 2613 1064 2656 candore
1083 2611 1135 2653 de
1155 2609 1288 2666 tempi
1306 2606 1449 2660 nostri,
1480 2620 1524 2649 se
1544 2603 1586 2648 le
1603 2604 1725 2647 §om

162 2691 260 2734 dell'
279 2691 432 2744 animo,
463 2691 486 2734 ὲ
506 2689 603 2733 dell’
623 2689 800 2746 ingegno
819 2687 1092 2745 rispondeano
1113 2684 1153 2728 al
1172 2682 1394 2742 giudicio.''

219 2840 343 2885 CAP.
363 2847 434 2884 22.
466 2839 600 2884 Locos
618 2853 780 2898 quoque
799 2837 985 2881 latiores.
1043 2806 1165 2879 Bene
1186 2831 1326 2877 MSS.
1350 2825 1491 2874 Natio.
1530 2823 1718 2872 Inlita-in

102 2910 106 2913 ⁵
163 2916 297 2970 editis,
348 2915 548 2974 locosque.
612 2914 832 2958 Editiones
887 2922 1056 2966 veteres,
1107 2908 1289 2953 latiores.
1346 2902 1471 2949 Unde
1520 2901 1730 2958 Musaue,
