1768 3236
190 167 273 212 622
597 168 762 208 NOTAE
790 167 860 208 ΕΤ
887 142 1345 209 EMENnATloNes
1409 211 1413 213 ,

249 268 520 327 Eloquentia,
558 270 810 326 praesidium.
869 269 935 312 Ita
979 278 1134 314 veteres
1181 270 1392 314 editiones.
1453 270 1526 314 Sic
1559 285 1726 332 quoque

190 344 383 401 placebat
402 343 608 387 Acidalio.
667 344 835 387 Frustra
848 344 1026 400 Lipsius
1047 353 1089 387 et
1109 336 1368 398 recentiores,
1389 345 1639 404 eloquentia.
1659 378 1661 382 ι

253 417 331 461 Vel
346 418 578 474 injudicio.
637 418 790 461 Mallet
810 419 1021 479 Muretus,
1049 419 1132 461 sive
1152 419 1382 477 injudicio.

252 492 335 536 Cui
365 489 498 550 parti.
558 491 622 535 Ita
660 492 796 535 MSS.
835 492 971 535 Vatic.
1015 492 1181 549 Lipsius
1214 503 1256 535 et
1286 492 1542 539 recentiores.
1599 492 1722 538 Male
1742 510 1745 513 ’

187 568 314 611 editio
333 568 536 625 princepS,
555 568 621 611 cui
631 567 792 625 partim
808 585 822 611 .·
851 568 958 609 unde
976 567 1228 610 Puteolanus
1246 576 1287 610 et
1305 567 1386 621 alii,
1405 568 1471 615 cui
1482 567 1723 625 prasertim.

249 716 368 760 CAP.
388 717 430 760 6.
467 715 734 774 Uno'aliquo.
792 715 859 758 Ita
874 715 1012 759 MSS.
1032 715 1166 758 Vatic.
1187 724 1229 758 et
1258 715 1316 759 sic
1336 715 1525 772 placebat
1546 715 1725 760 Schurz-

188 790 387 834 fleischio.
445 791 495 833 In
517 791 627 833 libris
658 789 791 843 editis,
821 805 904 833 uno
923 785 1070 833 alioue.
1127 789 1250 833 Unde
1268 792 1449 833 tentabat
1469 788 1722 849 Gronovius,

188 865 381 908 alterove.
443 864 578 908 Unum
600 865 778 922 aliquem
797 864 902 908 diem
922 864 1023 908 dixit
1041 863 1221 917 Tullius,
1246 880 1308 906 1v.
1330 864 1372 906 in
1391 864 1580 906 Verrem.
1642 911 1644 913 ,

244 939 428 983 Domum
442 956 572 983 suam.
632 939 698 982 Ita
718 939 856 982 MSS.
878 939 1013 981 Vatic.
1049 938 1178 982 Suam
1197 941 1313 982 abest
1330 937 1355 980 ὲ
1373 939 1488 981 libris
1505 937 1636 982 editis.
1694 971 1713 978 -

247 1001 391 1072 Neque
409 1014 545 1071 officii.
605 1014 707 1057 MS.
723 1014 858 1056 Vatic.
884 1015 1007 1057 1862.
1026 1029 1108 1056 non
1128 1012 1263 1068 officii.
1322 1012 1492 1056 Veteres
1510 1012 1722 1067 editiones,

185 1104 314 1147 neque
348 1088 489 1145 officiis
519 1089 695 1147 alicujus
733 1083 1086 1131 administrandis.
1146 1087 1272 1135 Quod
1304 1089 1511 1144 probabat
1545 1087 1722 1137 Schurzq

185 1163 416 1206 fleischius:
447 1164 518 1205 sed
538 1178 613 1219 pro
633 1161 809 1221 alicujus
830 1165 1010 1205 tentabat
1028 1161 1150 1205 alius.

245 1238 374 1281 Sibi
358 1233 440 1295 ipsi
457 1238 566 1280 dari.
624 1237 793 1280 Frustra
815 1236 1065 1289 Gronovius,
1095 1236 1208 1279 tibi
1192 1237 1284 1294 zpsi.

244 1313 350 1356 Illos
369 1314 605 1371 quinimmo.
664 1312 801 1355 MSS.
820 1312 958 1354 Vatic.
983 1312 1094 1355 1862
1113 1319 1155 1354 et
1178 1317 1303 1355 1518.
1323 1311 1431 1354 istos.

242 1388 303 1431 Et
313 1395 516 1445 potentes
573 1387 638 1430 Ita
658 1374 825 1444 Lipsius
858 1387 880 1430 ὲ
914 1386 1019 1430 MS.
1048 1386 1216 1429 Absuut
1248 1387 1300 1429 ab
1332 1385 1578 1430 editionibus
1610 1369 1718 1430 vete-

180 1463 308 1507 ribus.

242 1526 444 1580 Homines
463 1545 625 1580 veteres.
663 1535 876 1579 Acidalius
895 1535 1070 1589 delebat,
1091 1542 1252 1580 veteres.

232 1612 374 1656 Urbis
389 1611 546 1671 gratia.
608 1611 677 1655 Sic
699 1608 889 1654 Pithoeus
910 1618 951 1653 et
971 1611 1230 1654 recentiores.
1289 1609 1340 1653 ln
1360 1609 1497 1654 MSS.
1515 1608 1653 1653 Vatic-
1670 1615 1716 1652 et

181 1687 424 1731 editionibus
445 1687 662 1739 veteribus,
692 1685 816 1728 orbis.
1684 1715 1704 1735 s

244 1761 369 1808 Quod
386 1763 585 1819 optimum
603 1761 670 1804 sit.
729 1760 850 1803 Mare
885 1767 1011 1802 tentat
1046 1759 1298 1811 Gronovius,
1328 1758 1376 1802 id
1405 1758 1516 1819 quod
1544 1757 1658 1817 apud
1671 1764 1714 1803 te

178 1837 248 1890 sit,
277 1852 319 1879 se
338 1852 420 1879 non
438 1836 596 1879 habere.

241 1910 367 1957 Quod
380 1910 596 1969 gaudium.
655 1909 793 1952 MSS.
812 1908 946 1951 vatic.
964 1907 1073 1966 quod
1094 1908 1141 1950 id
1153 1908 1368 1967 gaudium.

237 1985 569 2043 Adsistendique.
629 1983 784 2027 Mallet
803 1984 1017 2036 Ernestus,
1045 1982 1298 2040 dicendique.

240 2059 532 2118 Circumfundi
550 2075 703 2102 coram.
759 2056 971 2101 Acidalius
1000 2066 1041 2099 et
1070 2057 1256 2100 Schelius
1290 2056 1469 2108 mallent,
1497 2064 1712 2102 eoronam}

177 2134 369 2191 probavit
389 2133 598 2187 Ernestus‚
627 2142 667 2193 et
687 2132 825 2176 edidit.

239 2207 539 2266 Quemcumque
557 2215 700 2251 orator
715 2207 913 2250 induerit.
971 2206 1036 2249 Ita
1069 2206 1236 2262 Lipsius
1271 2213 1310 2248 et
1343 2206 1598 2249 recentiores.
1656 2204 1710 2249 In

176 2282 377 2325 veteribus
397 2282 654 2335 editionibus,
683 2297 936 2344 quacumque
956 2288 1098 2323 orator
1111 2281 1332 2324 induxerit.
1365 2279 1518 2323 Mallet
1536 2280 1712 2324 Schurz·

176 2356 393 2410 fleischius‚
423 2371 676 2414 quacumque
690 2363 831 2399 orator
849 2356 1078 2413 respexerit.

237 2429 478 2473 Percenseo.
538 2430 655 2473 Bene
701 2430 895 2472 editiones
941 2438 1093 2472 veteres
1128 2437 1170 2472 et
1199 2429 1456 2472 recentiores.
1514 2427 1676 2472 Male'
1664 2443 1708 2472 m

176 2504 318 2547 mediis
338 2504 597 2562 quibusdam,
620 2519 756 2562 parva
777 2519 927 2547 censeo.

233 2578 392 2637 Adfert
411 2578 648 2621 orationem.
709 2578 779 2620 Sic
799 2577 892 2620 libri
912 2593 1055 2620 omnes
1074 2577 1185 2620 editi.
1229 2576 1279 2619 In
1300 2577 1404 2620 MS.
1418 2575 1554 2620 Vatic.
1579 2559 1704 2621 1862.
1751 2591 1768 2614 -’

167 2651 348 2714 prffert.
407 2652 512 2695 MS.
535 2651 670 2694 Vatic.
689 2657 817 2701 4498.
833 2651 942 2709 fert.
1003 2651 1107 2694 MS.
1126 2651 1260 2694 Vatic.
1287 2657 1408 2694 1518.
1431 2648 1637 2707 preferre.
1667 2672 1698 2709 ,ι-

236 2725 528 2783 Trepidatione
556 2726 702 2769 animi.
761 2724 824 2767 Ita
860 2725 1044 2768 Pichena
1077 2733 1117 2767 et
1161 2726 1406 2770 recentiores
1436 2740 1594 2769 omnes.
1651 2722 1706 2768 ΙΙ

175 2799 314 2844 MSS.
332 2799 467 2843 Vatic.
487 2808 529 2844 et
547 2799 791 2845 editionibus
810 2799 1026 2853 veteribus,
1057 2798 1234 2843 animus.
1563 2856 1579 2878 x
