1768 3236
422 209 704 250 DIALOGUS
733 208 808 246 DE
837 207 1199 248 ORATORIBUS.

1502 215 1576 251 155

52 315 308 382 auspicatus
329 331 450 374 sum,
472 325 574 362 tum
609 313 814 378 quidem,
849 310 962 359 curn
991 310 1038 357 in
1072 312 1262 360 Nerone
1283 312 1578 378 improbam,¹

53 407 101 444 et
122 395 378 443 studiorum
407 409 594 456 quoque
625 407 752 439 sacra
773 387 1088 454 profanantem
1112 389 1275 436 Vatinii
1299 393 1579 453 potentiam²

52 471 201 537 fregi:
237 482 283 518 et
325 469 461 517 hodie
499 469 537 515 si
573 468 684 532 quid
719 467 768 514 in
805 466 938 513 nobis
972 465 1142 513 notiu’ae
1178 482 1230 514 ac
1264 468 1461 516 nominis
1493 482 1579 530 est,

16 591 18 593 .
53 548 200 614 magis
221 547 415 595 arbitror
439 545 712 603 carminum,
735 543 878 607 quam
896 542 1159 589 orationum
1186 543 1334 608 gloria
1363 557 1546 608 parturn
1561 565 1576 595 z

52 642 107 674 ac
137 627 233 690 jam
267 641 343 672 me
364 625 603 687 sejungere
633 621 662 669 a
696 619 866 667 forensi
893 619 1048 666 labore
1070 620 1298 678 constitui,
1322 637 1415 683 ‘nec
1440 624 1580 671 comi-

47 713 172 750 tatus
196 702 323 759 istos,
345 711 391 747 et
423 715 649 764 egressus,
680 708 758 744 aut
790 695 1095 760 frequentiam
1127 696 1448 745 salutationum
1471 717 1580 748 con.

53 779 268 843 cupisco:
303 794 398 825 non
430 776 576 840 magis
611 774 754 839 quam
784 775 910 831 aera,³
947 784 992 820 et
1024 773 1262 838 imagines,
1297 792 1401 838 quae
1424 776 1578 836 etiam,

52 871 129 903 me
161 856 362 914 nolente,
400 855 449 902 in
482 855 676 901 domum
713 868 865 898 meam
899 850 1183 914 inruperunt.

1251 853 1376 898 Nam
1411 865 1581 903 statum

50 932 324 996 hucusque⁴
355 948 407 979 ac
439 929 726 979 securitatem
757 928 926 975 melius
958 927 1215 975 innocentia
1248 939 1398 987 tueor,
1433 931 1579 994 quam

51 1008 340 1073 eloquentia:
376 1011 461 1057 nec
484 1023 664 1064 vereor,
700 1022 759 1052 ne
781 1004 893 1051 mihi
929 1021 1150 1068 umquam
1170 1006 1310 1053 verba
1329 1006 1378 1053 in
1400 1019 1578 1068 senatu,

50 1085 135 1134 nisi
156 1102 242 1149 pro
264 1085 447 1133 alterius
464 1083 757 1142 discrimine,⁵
779 1081 986 1130 facienda
1006 1083 1108 1132 sint.

122 1247 196 1286 12.
230 1241 466 1295 NEMORA
501 1240 634 1298 verb,
670 1250 718 1287 etv
755 1239 863 1297 luci,
899 1249 944 1286 et
983 1249 1210 1285 secretum
1244 1238 1411 1301 ipsum,
1447 1239 1575 1302 quod

2 1354 21 1363 ,.
51 1317 182 1380 Aper
202 1317 478 1381 increpabat,
500 1329 672 1365 tantam
694 1315 805 1363 mihi
833 1315 1029 1363 afferunt
1055 1316 1351 1378 voluptatem,
1374 1327 1426 1362 ut
1455 1315 1576 1364 inter

46 1393 303 1460 praecipuos
325 1395 579 1443 carminum
611 1393 789 1447 fructus
824 1409 1083 1450 numerem,
1115 1392 1245 1456 quod
1279 1408 1366 1439 nec
1387 1392 1436 1442 in
1464 1404 1574 1440 stre.-

35 1672 38 1674 Ἴ
104 1621 119 1639 ¹
165 1623 217 1666 In
251 1623 405 1662 Nerone
437 1624 647 1674 improbam.
700 1625 777 1661 Im-

51 1677 172 1729 proba
202 1677 282 1715 haec
310 1677 349 1714 in
382 1678 531 1714 Nerone
562 1677 773 1715 carminum

49 1730 189 1775 studia,
207 1743 292 1781 quae
322 1731 478 1768 Lucano
500 1731 659 1780 aliisque
677 1731 775 1768 mul-

49 1783 98 1821 tis
118 1784 158 1820 in
175 1784 336 1821 exitium
353 1797 504 1829 cessere,
520 1786 685 1822 narravit
699 1785 774 1822 Ta-

0 1886 4 1893 ,
49 1837 149 1875 citus
179 1838 316 1879 Annal.
348 1851 439 1882 xxv,
474 1835 534 1876 16.
574 1839 771 1888 Improbos

47 1904 203 1941 quoque
233 1891 391 1935 Neronis
423 1905 548 1930 versus
575 1892 708 1930 recitat
735 1901 773 1930 et

47 1943 180 1982 irridet
199 1945 356 1990 Persius,
378 1958 407 1984 1.
426 1950 492 1990 99.

51 2031 148 2058 abr-va
161 2032 367 2059 'Mimalloneis
385 2033 553 2065 implerunt
563 2040 681 2058 cornua
697 2032 772 2058 bom-

0 2141 3 2143 ,
48 2108 91 2144 εἰ
101 2071 227 2143 νῗιῖὶιιηι
237 2111 332 2136 vitulo
341 2113 437 2143 caput
449 2110 593 2136 ablatura
601 2111 726 2143 emper-bo

0 2150 7 2183 J
49 2148 196 2180 Bassaris,
207 2152 234 2174 et
244 2151 359 2181 lyncem
373 2151 608 2183 Maenasflerura
619 2150 766 2182 corymbis

0 2196 1 2201 ¹
47 2187 145 2222 Evion
155 2189 337 2221 ingeminat:
353 2190 534 2222 reparabilis
542 2190 669 2215 adsonat
680 2190 771 2215 Echo.

0 2267 15 2282 '¹
50 2277 105 2314 Hi
122 2278 222 2315 enim
237 2291 362 2316 versus
382 2279 545 2316 Neronis
562 2284 662 2324 sunt,
681 2285 772 2317 teste

47 2339 169 2368 vetere
189 2331 301 2369 Persii
322 2332 541 2370 Scholiaste.
577 2333 767 2369 vesanum

0 2404 3 2438 ς
46 2384 159 2422 illum
197 2385 373 2430 furorem,
407 2386 568 2423 Neronis
601 2385 770 2436 potentia

3 2446 6 2447 ’
25 2439 265 2485 'subnixum,
279 2439 387 2488 fregit
405 2439 614 2477 Maternus.
671 2439 771 2488 Ergo

0 2498 2 2501 '
45 2491 269 2530 recitatione
311 2493 576 2542 tragoediarum
629 2493 770 2530 famam

45 2545 231 2596 ingressus
249 2554 303 2584 est
321 2555 406 2597 post
425 2549 473 2583 A
497 2547 545 2583 U.
559 2546 604 2584 C.
624 2550 716 2584 812.

0 2629 2 2631 >
100 2596 119 2615 ²
151 2599 301 2637 Vatinii
305 2599 522 2650 potentiam.
541 2599 576 2636 Is
590 2600 678 2637 sane
697 2599 770 2637 fuit

0 2659 2 2662 ’
47 2651 241 2699 Vatinius,
259 2653 326 2702 qui
345 2653 444 2690 inter
454 2652 663 2702 foedissima
692 2654 770 2690 Ne-

1387 1492 1405 1505 Χ

850 1623 933 1661 cius
963 1622 1199 1666 emendabat,
1229 1633 1335 1671 quam
1364 1633 1462 1658 cera.
1517 1621 1573 1658 At

850 1676 977 1726 potius
1004 1676 1255 1713 intellexerim
1283 1683 1366 1711 tum
1396 1674 1442 1711 de
1466 1674 1570 1713 aereis

848 1730 1113 1775 st-1t11is,tum
1150 1728 1316 1765 maxime
1350 1728 1396 1764 de
1429 1727 1571 1764 tabulis

849 1784 971 1828 aeneis,
990 1796 1076 1833 quae
1089 1783 1125 1819 in
1139 1790 1382 1842 patronorum
1396 1781 1570 1818 domibus

847 1851 870 1874 a
895 1837 1053 1875 coloniis
1070 1836 1362 1885 municipiisque
1379 1837 1570 1885 poneban-

848 1897 923 1928 tur.
949 1891 983 1927 Ἰ
984 1891 1080 1928 alem
1095 1890 1265 1927 tabulam
1279 1889 1570 1927 memoravimus

846 1957 974 1994 supra.
1549 1968 1553 1972 -

897 1996 918 2023 4
944 1999 1046 2036 Nam
1087 2001 1226 2035 stat-um
1266 1996 1460 2046 hucusque.
1505 1996 1570 2034 Sic

845 2052 1057 2089 emendavit
1085 2050 1245 2100 Lipsius.
1301 2050 1399 2086 Vide
1426 2057 1505 2088 not.
1531 2057 1571 2087 et

844 2107 988 2143 emend.
1010 2106 1057 2142 ad
1078 2117 1164 2155 cap.
1186 2109 1246 2141 11.
1277 2100 1354 2147 Hic
1369 2111 1497 2141 autem
1515 2117 1571 2141 re-

845 2160 943 2197 futat
968 2160 1176 2202 Maternus,
1205 2169 1290 2206 quae
1308 2159 1413 2206 Aper
1439 2157 1585 2196 attulit¹

845 2226 930 2263 cap.
950 2217 987 2250 5.
1017 2212 1059 2250 Si
1076 2211 1267 2262 proprium
1291 2209 1493 2259 periculum
1514 2211 1569 2247 in-

844 2267 1000 2316 crepuit,
1017 2279 1078 2303 reo
1096 2271 1133 2302 et
1149 2263 1380 2314 periclitanti
1406 2263 1569 2301 firmissi-

845 2333 948 2357 mum
988 2333 1063 2357 csse.
1105 2317 1317 2367 eloquentia:
1354 2318 1568 2367 prce-sidium

846 2373 956 2410 simul
969 2379 1004 2409 et
1018 2373 1141 2410 telum.

899 2425 912 2447 ⁵
943 2426 1022 2463 Pro
1052 2425 1206 2463 alterius
1235 2423 1457 2462 discrimine.
1469 2398 1570 2476 'Op-

844 2480 949 2518 time.
1004 2480 1148 2517 Contra
1173 2491 1207 2514 Vt
1204 2478 1260 2514 ro
1285 2478 1420 2527 vulgus
1443 2487 1570 2515 orato

845 2547 943 2578 rum,
986 2531 1236 2571 delationibus
1280 2531 1431 2578 infame,
1475 2532 1566 2576 cum

843 2587 1071 2624 auctoritate
1082 2585 1269 2635 famaque,
1299 2586 1450 2622 Nerone
1463 2586 1568 2622 Prin-

843 2641 941 2690 cipe,
969 2641 1180 2691 viguissent,
1209 2647 1301 2676 tunc
1328 2639 1398 2675 sub
1431 2640 1569 2687 aequise-

843 2695 938 2731 simo
962 2693 1182 2745 Vespasiani
1198 2692 1428 2742 principatu,
1446 2692 1485 2728 in
1497 2693 1565 2740 jus

0 2712 15 2754 f
45 2706 210 2743 runianae
227 2706 321 2744 auloe
334 2711 478 2744 ostenta
482 2705 583 2757 fuet
614 2707 673 2743 De
691 2718 768 2755 quo

0 2759 13 2801 ξ
46 2759 159 2810 plura
175 2772 290 2820 supra
310 2759 448 2797 Annal.
468 2771 539 2796 xv.
555 2763 620 2798 34.
649 2759 765 2797 Scur-

0 2811 9 2861 ζ
44 2812 180 2850 rilibus
204 2813 305 2862 jocis
342 2813 520 2863 ludisque
553 2813 766 2850 studiorum

0 2870 7 2889 “
45 2877 156 2904 sacra
186 2867 422 2915 profanabat.
476 2866 576 2903 Vide
616 2874 695 2904 not.
729 2873 767 2904 ct

0 2926 13 2961 ,’
45 2919 190 2956 emend.
208 2920 359 2970 adcap.
383 2925 444 2957 11.

99 2968 115 2992 ³
143 2972 264 3025 Quam
297 2986 385 3017 (ενα,
432 2973 616 3016 Eruditus
647 2944 765 3023 cuja-

845 2748 1090 2793 vocabantur,
1107 2755 1146 2784 et
1171 2758 1238 2796 pro
1255 2758 1324 2782 suo
1344 2745 1416 2795 ipsi
1436 2745 1567 2782 discri-

842 2804 941 2838 mine
958 2802 1072 2838 verba
1088 2802 1126 2838 in
1140 2806 1271 2837 senatu
1290 2798 1483 2835 faciebant
1493 2813 1504 2843 ;
1524 2807 1568 2835 ut

840 2855 998 2904 contigit
1006 2853 1122 2905 Eprio
1131 2851 1331 2905 Marcello,
1340 2864 1454 2901 quem
1463 2853 1567 2901 Aper

840 2907 1059 2948 laudaverat
1076 2919 1192 2958 supra
1210 2917 1295 2956 cap.
1315 2908 1352 2948 5,
