1768 3236
459 196 741 241 n1ALoGUS
771 182 1247 241 DffonATonissUS.
1539 201 1617 250 195

67 302 149 372 qui
170 300 344 371 optima
364 307 565 371 quaeque
594 304 806 354 laudibus
835 316 882 353 et
913 304 1115 369 p'raemiis
1138 301 1474 370 promove-bati
1507 306 1618 356 ade-

65 394 174 432 rant
193 394 382 448 quoque
403 385 501 449 ejus
522 380 727 431 filiorum
741 385 768 408 ¹·
780 383 1015 448 exempla,
1044 383 1161 431 dum
1183 383 1419 432 literarum
1447 384 1617 434 monu-

66 461 233 510 mentis
269 461 451 526 generis
483 461 554 510 sui
586 453 889 520 nobilitatem,
922 473 1196 526 partamque
1227 461 1370 509 bellis
1415 461 1615 528 gloriam

32 547 36 551 ’
65 539 360 603 amplificant.
429 542 497 586 At
530 538 845 604 praeterquam
873 538 1005 604 quod
1049 537 1203 586 vitiata
1233 539 1376 586 semel
1410 538 1613 604 ingenia,

65 615 343 682 plerumque
385 628 492 664 sunt
533 616 900 676 inemendabilia,
949 615 1205 681 quominus
1255 617 1615 665 emendarentur

65 693 238 742 obstitit
271 694 485 759 juvenilis
524 695 704 743 licentia
742 707 788 743 et
816 694 1051 759 popularis
1088 693 1236 744 favor.
1305 694 1451 743 Vobis
1491 694 1616 742 enim

67 782 360 835 compertum
395 777 463 820 es‘t
498 773 642 837 quam
670 773 906 831 audacter,
935 764 1040 836 post
1070 775 1345 837 prostratam
1377 769 1626 820 forensem-

67 848 395 913 eloquentiam,
418 850 620 913 eruperit
637 851 863 915 juvenum
884 849 1078 898 licentia.
1110 847 1241 900 Nihil
1263 848 1479 908 modesti,
1499 846 1618 896 nihil

67 926 251 991 antiqu‘r
264 928 406 975 moris
427 925 515 975 fuit
535 928 782 992 reliquum.
852 927 981 976 Ante
1015 944 1076 976 ne
1105 926 1398 975 nobilissimis
1421 926 1613 991 quidem

17 1007 19 1009 ’
67 1004 434 1052 adolescentibus
455 1005 586 1053 locus
609 1016 723 1064 erat,
745 1004 835 1054 nisi
860 1005 1016 1070 aliquo
1038 1005 1270 1053 consulari
1291 1006 1617 1070 producente,²

69 1081 150 1145 qui
173 1099 260 1130 eos·
274 1083 534 1130 ostenderet
556 1081 678 1142 foro,
713 1083 972 1148 adsignaret
994 1081 1146 1131 famae.
1215 1083 1314 1132 Ubi
1346 1078 1507 1144 autem*
1532 1098 1614 1130 ex-

68 1159 178 1207 arsit
190 1159 390 1219 licentia,
412 1159 621 1209 refractis
642 1161 833 1225 pudoris
851 1172 896 1209 et
917 1160 1187 1210 reverentiae
1210 1161 1435 1220 claustris,
1458 1159 1615 1209 omnia

69 1236 284 1285 omnibus
317 1250 519 1301 patuere.
595 1240 621 1288 J
624 1255 793 1287 uvenes
826 1238 923 1287 sine
955 1237 1155 1298 fautore,
1188 1237 1286 1287 sine
1318 1229 1614 1287 commenda-

10 1344 13 1346 *
69 1325 188 1374 tore,
221 1315 322 1363 sola
343 1315 427 1364 sua
449 1315 639 1364 audacia
661 1316 842 1375 confisi,
875 1333 972 1364 non
993 1317 1298 1376 inducuntur,
1332 1317 1415 1365 sed
1444 1317 1614 1366 irrum-

69 1404 201 1456 punt.
269 1393 383 1441 Non
418 1411 498 1441 eos
537 1405 745 1442 moratur
788 1394 879 1444 loci
923 1396 1149 1460 majestas,
1186 1395 1346 1460 legum
1382 1394 1613 1454 sanctitas,

70 1470 207 1518 officii
229 1470 452 1537 dignitas:
489 1487 549 1519 ne
572 1489 651 1520 eos
673 1471 863 1536 quidem
892 1482 1050 1520 movet
1082 1471 1294 1521 novitatis
1315 1483 1363 1520 et
1382 1472 1614 1521 tenuitatis

0 1540 2 1544 ’
68 1565 167 1597 suae
197 1549 487 1598 conscientia.
557 1551 746 1614 Quanto
786 1550 889 1616 quis
924 1549 1182 1611 obscurior,
1220 1561 1349 1599 tanto
1382 1561 1452 1601 est
1485 1566 1613 1599 arro·

70 1626 266 1693 gantior.

81 1827 84 1830 ,
135 1785 260 1832 VIII.
295 1786 356 1833 IN
378 1784 468 1834 hac
496 1784 603 1834 mali
636 1783 821 1846 summa
848 1784 1040 1834 unicum
1073 1796 1310 1851 supererat
1336 1784 1610 1846 subsidium,

0 1877 3 1880 ·
68 1859 206 1910 famae
251 1863 524 1926 periculum.
615 1864 741 1912 Leve
783 1863 900 1911 illud
943 1875 990 1912 et
1034 1875 1301 1922 extremum
1343 1863 1612 1929 praesidium

0 1976 5 1983 .
68 1937 255 2005 infregit
271 1941 467 2005 Largius
487 1941 722 1990 Licinius.³
756 1943 801 1990 Is
822 1942 964 2001 enim,
985 1957 1046 1990 ne
1062 1940 1185 1990 fama
1199 1939 1322 1991 foret
1342 1941 1391 1989 in
1411 1942 1614 2007 ancipiti,

0 2061 1 2064 ,
69 2017 246 2081 primus
281 2018 511 2067 auditores
547 2020 825 2085 corrogavit,
858 2020 1006 2085 pretio
1035 2018 1243 2084 implevit
1275 2020 1507 2079 subsellia,
1540 2020 1610 2070 in-

0 2082 26 2130 T
69 2094 196 2159 genti
218 2094 392 2143 corona
414 2113 464 2144 se
486 2097 701 2156 accinxit,
722 2097 924 2154 infinitos
947 2097 1174 2146 clamores
1194 2096 1434 2146 conduxit.
1474 2099 1613 2162 Quos

3 2182 5 2186 ⁴
69 2172 185 2220 cum
217 2173 428 2221 audiisset
460 2174 694 2223 Domitius
728 2174 886 2235 Afer,4
916 2174 1102 2224 forense
1145 2174 1390 2223 artificium
1423 2174 1611 2239 periisse

0 2259 3 2271 ³
58 2249 356 2298 exclamavit.
411 2251 568 2299 Perire
592 2253 780 2316 quidem
803 2264 1024 2318 coeperat,
1049 2267 1175 2301 nunc
1197 2251 1313 2300 verb
1336 2268 1483 2317 prope
1504 2251 1610 2319 fun-

0 2336 5 2363 f
69 2326 196 2375 ditus
218 2326 474 2376 extinctum
495 2341 542 2377 et
564 2343 776 2379 eversum
800 2343 882 2380 est.
950 2321 1077 2379 Nam
1100 2330 1137 2378 si
1158 2346 1332 2395 paucos
1354 2329 1610 2395 exceperis,

0 2393 9 2477 ξ
68 2421 186 2469 quos
207 2405 389 2453 excelsa
410 2422 540 2479 mens
564 2407 591 2455 a
614 2407 876 2458 liberalibus
898 2408 1194 2472 honestisque
1216 2406 1376 2457 studiis
1396 2409 1608 2458 nondum

0 2625 17 2643 u
124 2585 138 2602 ¹
169 2586 461 2638 Ejusfiliorum.
516 2590 593 2628 Titi
611 2599 649 2629 et
668 2593 802 2630 Domi·
871 2594 944 2644 Ep.
964 2605 1014 2631 11.
1039 2594 1101 2631 14.
1150 2592 1302 2631 Primus
1321 2591 1416 2630 hunc
1433 2590 1611 2631 audiendi

0 2643 14 2686 ξ*
68 2641 179 2678 tiani.
238 2643 405 2694 Uterque
435 2643 631 2682 literarum
667 2647 801 2684 studiis
871 2661 1006 2686 morem
1035 2647 1183 2685 induxit
1216 2645 1381 2697 Largius
1410 2645 1605 2684 Licinius:

0 2679 33 2722 ff·
70 2695 265 2733 inclaruit.
369 2702 375 2711 ‘
872 2702 1048 2739 lma-tenus
1066 2706 1200 2746 tamen,
1213 2706 1256 2738 ut
1272 2700 1464 2738 auditores
1482 2712 1610 2737 corro-

122 2744 140 2762 ²
167 2749 306 2799 Aliquo
343 2751 532 2790 consulari
562 2753 803 2802 producente.
868 2760 995 2806 garet.
1052 2755 1120 2792 Ita
1155 2754 1256 2791 cert&
1285 2767 1328 2791 ex
1357 2752 1607 2798 Quintiliano,

17 2799 22 2810 '
69 2800 166 2839 Haec
186 2804 341 2851 quidem
358 2804 439 2840 fuse
455 2806 627 2856 explicat
643 2807 802 2855 Plinius,
866 2815 1098 2858 praeceptore
1116 2821 1205 2854 mea,
1234 2805 1383 2845 audisse
1398 2806 1557 2849 memini.

69 2854 143 2904 Ep.
178 2868 227 2893 11.
262 2861 323 2893 14.
380 2857 571 2897 Eumdem
605 2860 651 2898 ea
682 2862 729 2898 de
763 2875 804 2899 re
923 2860 943 2881 4
970 2862 1161 2900 Domitius
1207 2861 1318 2912 Afer.
1374 2859 1462 2898 Jam
1500 2856 1609 2908 ‘saepe

0 2896 22 2939 l·
67 2908 195 2947 adhuc
216 2910 300 2946 vide
321 2911 394 2961 Ep.
413 2923 510 2950 v111.
538 2919 616 2952 1121«.>
870 2914 1064 2952 laudatus.
1119 2914 1220 2952 Vide
1253 2920 1290 2952 et
1322 2926 1437 2964 supra
1464 2907 1607 2952 Annal.

0 2944 13 3025 ξ-
122 2958 138 2981 ²
179 2963 346 3014 Largius
393 2964 571 3006 lacinias.
641 2968 803 3015 Plinius,
873 2972 1076 3008 1v.52.et
1095 2979 1189 3007 xm
1210 2972 1272 3011 19.
