1768 3236
407 183 486 223 An
516 151 819 223 mALoGUM
849 182 926 221 DE
955 182 1322 224 ORATORIBUS.
1547 185 1626 228 σει

145 287 263 345 Aper
279 301 452 345 quoque.
510 289 574 329 Ita
589 286 726 330 MSS.
745 284 885 328 vatic.
920 284 1092 343 Quoque
1110 287 1226 328 abest
1240 283 1266 327 ὲ
1285 285 1401 329 libris
1421 269 1567 331 editis.

142 361 475 405 Exercitationes
498 376 650 404 eorum.
711 359 775 404 Ita
795 359 932 403 MSS.
954 360 1091 403 Vatic.
1151 359 1271 402 Libri
1293 360 1403 414 editi,
1429 363 1627 407 exercita-

84 436 249 479 tionem.

142 509 335 568 Propria:
366 511 478 554 circa
507 509 756 552 oratoriam.
817 509 960 553 Editio
995 510 1204 566 princeps,
1235 509 1346 552 circa
1381 511 1626 556 oratorium.
1672 543 1681 546 -

83 584 339 627 Puteolanus
370 594 411 627 et
450 583 573 626 ceteri
609 599 765 637 omnes,
801 584 910 627 circa
941 584 1185 641 oratoriam.
1247 583 1403 627 Manet
1441 585 1624 641 Lipsius,

79 660 189 702 circo
208 660 405 702 οναίονὶο.
473 658 675 712 schelius,
695 658 817 709 circo,
837 658 902 700 vel
917 673 1023 702 curae
1042 666 1268 700 oratorum.
1330 658 1457 702 Forte
1478 662 1627 704 redun-

83 733 166 787 dat,
187 734 323 784 circa;
354 741 394 775 et
413 732 512 775 olim
526 732 736 789 scriptum,
758 733 940 790 propriae
956 740 1165 775 oratorum
1185 718 1390 776 videntur.
1436 728 1441 731 ⁵

87 904 90 905 ⁷
141 884 264 927 CAP.
280 891 366 928 ἰ34.
399 884 643 941 Principem
674 885 718 927 in
753 883 919 928 civitate
949 883 1082 927 locum
1111 884 1331 927 obtinebat.
1390 882 1457 928 Ita
1483 884 1627 942 MSSg

82 959 220 1002 Vatic.
282 959 399 1001 Libri
420 959 532 1011 editi,
550 959 777 1016 principem
793 959 923 1001 Iocum
945 960 988 1000 in
1009 959 1175 1002 civitate
1193 958 1370 1003 tenebat.

142 1032 415 1076 Dictionibus
430 1034 643 1089 interesse,
671 1035 756 1076 sive
787 1034 832 1075 in
853 1033 1043 1091 judiciis.
1103 1034 1221 1076 Bene
1257 1034 1425 1090 Lipsius
1463 1035 1487 1077 ὲ
1520 1035 1624 1080 MS.

81 1099 253 1151 Fames.
273 1108 445 1150 restituit
462 1108 591 1150 multa
605 1107 648 1150 iu
667 1107 868 1150 veteribus
888 1108 1133 1150 editionibus
1151 1108 1301 1151 omissa
1318 1127 1332 1162 3
1364 1109 1434 1154 ubi
1452 1111 1624 1164 tantum,

84 1179 332 1225 dictionibus
351 1183 452 1225 intet
460 1198 551 1235 esse,
571 1189 696 1240 utque
714 1182 771 1225 sic
791 1181 979 1234 dixerim,
991 1183 1063 1232 &a

145 1257 184 1300 J
183 1258 312 1315 urgiis
330 1258 529 1300 interesse.
589 1256 672 1298 Vix
692 1255 934 1299 crediderim
962 1256 987 1298 εὶ
1006 1256 1312 1312 diligentissimo
1332 1266 1375 1300 et
1403 1259 1627 1301 accuratis-

7 1344 9 1346 ’
86 1331 191 1374 simo
211 1332 412 1388 scriptore
431 1331 586 1373 dictum
600 1331 739 1383 fuisse,
759 1330 1007 1374 dictionibus
1025 1331 1216 1374 iuteresse
1227 1355 1239 1367 ·
1254 1355 1266 1367 ·
1283 1355 1295 1367 ·
1311 1355 1324 1366 ·
1323 1332 1485 1389 jurgiis
1498 1333 1628 1376 inter-

87 1423 178 1450 esse.
238 1406 570 1450 Existimaverim
600 1405 738 1461 potius
765 1405 864 1448 olim
897 1406 1096 1462 scriptum
1126 1406 1266 1458 fuisse,
1285 1391 1446 1464 jurgiis
1473 1407 1626 1449 immis-

88 1481 185 1534 ceri,
204 1491 249 1524 et
263 1481 523 1523 librariorum
544 1480 660 1532 vitio,
681 1480 869 1523 interesse
884 1481 910 1522 ὲ
925 1481 1202 1536 superioribus
1219 1482 1453 1538 repetitum.

148 1555 307 1613 Populi
326 1556 688 1598 diversissimarum
706 1555 886 1597 aurium.
947 1554 1101 1598 Mallet
1131 1554 1381 1612 Rodolphus
1411 1554 1625 1610 Agricola,

80 1629 230 1687 populi
247 1637 287 1671 et
303 1629 670 1693 diversissimarum
689 1630 868 1673 aurium.
930 1629 1111 1685 Lipsius,
1131 1629 1291 1686 populi,
1321 1629 1367 1672 id
1392 1637 1465 1683 est,
1489 1629 1625 1680 diver-

85 1704 336 1746 sissimarum
356 1703 533 1745 aurium.
594 1703 779 1745 Retineri
799 1711 934 1759 potest
953 1703 1117 1759 vulgata
1135 1704 1351 1760 scriptura.

146 1777 288 1820 Facile
305 1772 660 1834 deprehenderent.
719 1775 784 1819 Ita
800 1777 938 1820 MSS.
958 1777 1094 1820 Vatic.
1154 1777 1206 1820 In
1225 1778 1402 1821 editione
1422 1778 1625 1835 principe,

87 1851 449 1908 deprehendentur.
509 1850 628 1893 Unde
651 1850 903 1893 Puteolanus
922 1853 1218 1905 emendaverat,
1237 1852 1624 1909 deprehendebatur.

150 1924 248 1968 Non
285 1925 468 1968 rudibus.
545 1925 660 1967 Bene
706 1925 890 1981 Lipsius.
963 1925 1070 1968 Haec
1107 1926 1218 1968 enim
1266 1925 1292 1968 ἃ
1333 1927 1627 1982 gladiatoribus-

87 2013 233 2042 sumta.
292 1998 342 2040 Iu
364 1998 501 2041 MSS.
522 2007 564 2041 et
584 1999 787 2042 veteribus
808 1999 1066 2052 editionibus,
1085 2000 1264 2043 sudibus.

147 2073 366 2131 Ejusmodi
381 2073 713 2130 praeceptoribus.
774 2073 837 2115 Ita
869 2072 1005 2117 MSS.
1027 2070 1162 2117 Vatic.
1183 2075 1253 2118 Sic
1274 2091 1439 2134 quoque
1459 2075 1625 2123 volebat

89 2148 340 2191 Gronovius.
402 2147 520 2190 Libri
541 2147 652 2200 editi,
665 2147 1020 2203 prceceptionibus.

148 2221 398 2280 Cuicumque
427 2237 567 2264 caus-ce.
628 2221 694 2263 Ita
730 2221 896 2278 Lipsius
926 2222 949 2264 ὲ
983 2222 1086 2265 MS.
1146 2221 1197 2264 In
1216 2223 1420 2267 veteribus
1437 2225 1624 2268 editioni-

86 2297 179 2348 bus,
200 2297 415 2354 unicuique
436 2311 576 2339 causce.
673 2306 700 2323 ⁸

148 2368 246 2412 Non
259 2364 402 2412 mullei.
462 2368 527 2413 Ita
547 2370 642 2412 libri
661 2385 803 2413 omnes
824 2370 934 2413 editi.
994 2370 1046 2412 In
1066 2371 1202 2414 MSS.
1223 2371 1358 2415 Vatic.
1376 2373 1566 2418 multum.
1635 2364 1638 2367 ἱ

149 2443 379 2501 Hodieque.
442 2444 609 2486 Omissa
638 2444 679 2486 in
712 2445 918 2487 veteribus
943 2434 1189 2487 editionibus
1214 2445 1379 2502 copula.
1420 2446 1489 2490 'In
1521 2449 1624 2492 MS.

85 2516 224 2560 Vatic.
246 2519 369 2562 1862.
389 2518 510 2560 hodie
528 2533 697 2575 quoque.

147 2667 267 2711 CAP.
296 2675 365 2712 35.
401 2668 455 2711 In
474 2684 624 2711 scenas.
686 2667 804 2710 Male
825 2668 1022 2710 editiones
1043 2678 1211 2723 veteres,
1230 2670 1276 2713 in
1294 2670 1424 2714 scenc‘i.
1474 2672 1626 2716 Scenas

86 2751 224 2785 autem
255 2743 591 2789 scholasticorum
626 2741 824 2797 appellat,
856 2741 950 2785 loca
967 2742 1010 2784 in
1035 2744 1198 2799 quibus,
1229 2743 1340 2787 velut
1371 2760 1446 2800 per
1476 2744 1627 2800 lusum,

86 2817 224 2858 fucata
242 2826 284 2861 et
311 2825 527 2874 personata
545 2815 778 2872 eloquentia
796 2818 1073 2859 exercebatur.
1132 2818 1259 2874 Quod
1290 2818 1401 2862 recte
1422 2820 1628 2870 annotavit

85 2887 267 2945 Lipsius.
