1768 3236
432 188 710 243 DIALOGUS
738 187 1203 259 DEnonATOmssth.
1499 195 1575 231 153

0 291 1 316 ³
44 310 161 352 num
197 293 319 344 fama
351 293 400 341 in
433 304 576 341 totam
599 292 781 340 Urbem
814 290 1052 355 penetrat?
1085 291 1259 338 nedum
1297 303 1349 339 ut
1383 306 1467 357 per
1503 305 1573 344 tot

42 374 300 440 provincias
332 371 596 419 ilmotescat.
667 370 851 431 Quotus
873 367 1084 432 quisque,
1117 369 1231 416 cum
1253 386 1314 416 ex
1335 370 1572 435 Hispania,

45 452 119 500 vel
148 450 278 508 Asia,
310 466 370 496 ne
405 447 516 512 quid
549 447 607 494 de
639 446 785 494 Gallis
823 446 988 493 nostris
1011 446 1283 509 loquamur,
1315 447 1363 494 in
1389 450 1572 498 Urbem

44 529 184 586 venit,
198 526 397 576 Saleium
419 527 612 572 Bassum
634 523 854 588 requirit?
887 535 1023 587 atque
1044 524 1161 571 adeo
1185 524 1221 571 si
1243 523 1345 587 quis
1365 526 1572 590 requirit,

41 595 90 654 et
126 604 267 653 semel
302 603 430 661 vidit,
463 602 620 649 transit
643 613 687 649 et
709 612 951 648 contentus
984 611 1079 660 est3
1118 612 1169 648 ut
1191 601 1227 648 si
1250 601 1474 664 picturam
1494 604 1572 650 ali-

44 699 201 747 quam,
222 681 295 728 vel
318 691 510 728 statuam
530 679 724 726 vidisset.
794 678 962 743 Neque
984 677 1108 725 hunc
1131 694 1289 724 meum
1310 695 1570 728 sermonem

42 760 109 807 sic
131 757 272 822 accipi
293 757 418 815 volo,
453 769 686 820 tamquam
721 773 817 813 eos,
850 755 1016 819 quibus
1038 766 1198 802 natura
1220 772 1301 802 sua
1322 756 1573 804 oratorium

40 835 281 900 ,ingenium
315 834 585 899 denegavit‚¹
606 834 860 880 deterream
891 830 917 878 a
947 831 1238 890 carminibus,
1273 832 1310 878 si
1346 833 1487 880 modo
1522 834 1572 881 in

0 947 3 953 ·
38 912 127 961 hac
165 911 423 970 studiorum
460 921 587 974 parte
621 909 849 956 oblectare
886 909 1048 967 otium,
1082 921 1128 956 et
1162 925 1332 956 nomen
1367 909 1566 965 inserere

39 1000 233 1053 possunt
264 987 429 1036 famae:
477 1004 565 1052 ego
584 986 714 1034 'vero
754 1002 941 1032 omnem
975 985 1281 1049 eloquentiam
1318 1001 1570 1051 omnesque

38 1068 138 1132 ejus
158 1076 308 1130 partes
324 1067 336 1086 ¹
375 1081 522 1112 sacras
545 1074 590 1111 et
610 1062 889 1111 venerabiles
911 1073 1052 1125 puto:
1088 1079 1172 1109 nec
1197 1063 1354 1109 solum
1383 1064 1567 1111 cothur-

37 1159 153 1192 num
186 1145 424 1200 vestrum,²
456 1152 534 1188 aut
562 1139 732 1187 heroici
755 1138 965 1189 carminis
987 1150 1170 1197 sonum,
1203 1140 1284 1186 sed
1317 1140 1567 1204 lyricorum

38 1237 228 1285 quoque
252 1219 600 1284 jucunditatem,
633 1229 678 1281 et
714 1217 952 1282 elegorum
982 1216 1198 1275 lascivias,
1232 1229 1276 1264 et
1309 1217 1569 1266 iamborum

3 1354 21 1361 ..
40 1297 403 1355 amaritudinem,
451 1308 496 1344 et
530 1296 914 1360 epigrammatum,
953 1294 1096 1352 lusus,
1145 1306 1189 1341 et
1228 1311 1569 1359 quamcumque

0 1362 2 1365 v
39 1374 175 1422 aliam
191 1367 386 1438 speciem
405 1374 662 1437 eloquentia
691 1374 871 1430 habeat,
905 1372 1267 1435 anteponendam
1292 1371 1450 1439 ceteris
1467 1372 1570 1419 alia-

40 1468 148 1499 rum
178 1451 342 1499 artium
376 1452 532 1499 studiis
564 1452 734 1499 credo:
770 1452 850 1499 sed
885 1462 1038 1498 tecum
1071 1450 1200 1508 mihi,
1235 1451 1462 1508 Materne,
1496 1467 1569 1497 res

1 1550 12 1557 “
40 1539 127 1587 est,
162 1528 310 1592 quod,
343 1546 456 1576 cum
478 1541 639 1576 natura
656 1540 732 1576 tua
748 1529 796 1575 in
812 1529 955 1591 ipsam
974 1544 1126 1575 arcem
1145 1527 1415 1590 eloquentiae
1437 1526 1570 1585 ferat,

0 1602 7 1609 ’
42 1621 196 1652 errare
234 1606 393 1664 mavis,
439 1618 485 1654 et
523 1623 703 1654 summa
737 1607 943 1676 adeptus,
990 1605 1038 1651 in
1077 1604 1319 1652 levioribus
1355 1604 1568 1652 subsistis.

42 1681 112 1728 Ut
133 1681 171 1729 si
192 1681 240 1728 in
259 1682 443 1730 Graecia
466 1695 598 1730 natus
621 1701 756 1742 esses,
791 1682 869 1729 ubi
887 1682 1082 1729 ludicras
1105 1698 1290 1745 quoque
1306 1692 1423 1728 artes
1440 1698 1571 1729 exer-

7 1799 10 1801 Α
36 1773 142 1808 cere
170 1747 415 1807 honestum
441 1771 524 1819 est,
558 1778 608 1808 ac
648 1761 726 1809 tibi
759 1759 1005 1808 Nicostrati
1039 1760 1208 1805 robur³
1250 1775 1301 1804 ac
1336 1757 1454 1805 vires
1487 1759 1566 1805 Dii

0 1831 6 1892 ᾗ
40 1834 286 1894 dedissent,
303 1853 398 1883 non
419 1849 598 1900 paterer
619 1839 838 1886 immanes
860 1838 961 1884 illos
984 1837 1041 1884 ad
1059 1852 1262 1900 pugnam
1284 1836 1413 1882 datos
1431 1835 1570 1883 lacer·
1630 1839 1640 1843 ’

38 1921 127 1969 tos,
162 1912 338 1964 levitate
355 1914 494 1978 jaculi
516 1927 592 1962 aut
611 1917 734 1980 jactu
757 1914 867 1963 disci
890 1920 1159 1961 vanescere:
1195 1913 1257 1960 sic
1298 1929 1421 1960 nunc
1444 1924 1489 1960 te
1512 1914 1575 1981 ab»

36 1988 298 2036 auditoriis⁴
318 2002 363 2037 et
397 1991 599 2050 theatris,
633 1992 681 2039 in
715 1992 871 2040 forum
909 2005 954 2039 et
990 1992 1048 2038 ad
1089 2007 1244 2038 causas
1280 2000 1325 2036 et
1363 1990 1420 2037 ad
1458 2007 1566 2036 vera

0 2107 15 2115 ,,
35 2065 192 2127 praelia
221 2083 368 2115 voco:
405 2068 519 2115 esim
550 2069 802 2132 p'raesertim
824 2087 882 2117 ne
913 2070 970 2116 ad
994 2068 1040 2115 id
1072 2068 1258 2132 quidem
1291 2083 1569 2131 consurgere

0 2143 8 2154 ”
33 2141 194 2204 possis,
216 2144 342 2207 quod
364 2134 591 2209 plerisque
612 2147 934 2210 patrocinatur,
958 2158 1190 2209 tamquam
1213 2144 1370 2193 minsis
1391 2145 1568 2191 obnox-

67 2392 104 2410 '¹
149 2394 346 2446 Omncsque
378 2400 458 2447 ejus
490 2405 628 2448 parles.
684 2400 764 2450 Ego
842 2400 1109 2438 Nicostratus.-
1140 2399 1302 2436 omnibus
1328 2397 1365 2435 in
1384 2411 1424 2436 eo
1441 2399 1570 2437 docen-

36 2460 122 2484 vero
140 2461 284 2486 omnem
303 2450 570 2500 aloquentiam,
592 2454 665 2489 sive
682 2467 766 2490 oxa·
840 2455 878 2491 di
892 2453 1061 2502 partibus
1077 2452 1249 2489 similiter
1267 2457 1404 2495 utetur,
1425 2453 1572 2498 efficiet<

37 2501 131 2537 toria
164 2504 225 2547 sit,
264 2503 338 2539 sive
373 2506 763 2556 pathe-1,omnosque
842 2520 907 2556 quc
927 2507 1042 2550 illum,
1070 2505 1188 2555 qualis
1205 2505 1368 2556 llicfuit,
1395 2507 1571 2545 luctando

33 2554 116 2602 ejus
140 2560 273 2605 partes
313 2570 437 2595 sacras
469 2567 506 2596 et
540 2561 765 2598 vcncxabiles
835 2561 1102 2609 pugnandoque
1136 2563 1231 2610 (quo
1263 2564 1419 2608 utroque
1453 2567 1575 2599 certa—

0 2632 10 2648 ,-
34 2615 140 2675 puto.
838 2613 931 2651 mine
949 2613 1072 2651 iisdem
1089 2612 1211 2650 diebus
1229 2613 1500 2660 coronabatur)
1517 2615 1573 2652 in-

0 2695 9 2714 Δ,
88 2657 357 2699 ''Cothutmtm
388 2668 561 2701 vestram
613 2665 765 2714 Tragoe-
837 2667 985 2704 victum.
1041 2666 1300 2703 Nicostratum
1319 2678 1470 2716 quoque
1489 2668 1573 2706 lau-

0 2718 12 2746 τ’
33 2713 128 2750 diae.
839 2719 903 2756 dat
925 2720 1137 2765 Pausanias,
1157 2732 1195 2756 v.
1215 2724 1279 2757 21.
1297 2727 1334 2756 et
1351 2732 1438 2756 eum
1458 2721 1570 2759 fuisse

16 2792 18 2802 l
89 2763 101 2784 ³
131 2766 189 2803 N
176 2769 346 2805 νοεῖν-(ιιι
372 2770 495 2807 r·obu›.
551 2771 609 2807 De
628 2766 763 2809 Nicos-
837 2773 977 2822 origine
998 2773 1159 2820 Cilicem
1178 2773 1300 2810 docet.

0 2824 10 2870 ξ
33 2823 131 2857 irato
151 2822 425 2866 Qujntilianus,
443 2823 574 2861 Instit.
587 2824 694 2862 Orat.
714 2837 762 2863 11.
891 2834 908 2846 *
936 2827 994 2863 Ab
1012 2826 1222 2863 auditoriis.
1278 2827 1322 2864 In
1339 2826 1479 2876 quibus
1497 2835 1569 2867 tra·

29 2876 71 2916 9.
119 2874 174 2910 At
191 2874 369 2924 sifuerit,
389 2876 450 2926 qui
467 2877 668 2923 docebitur,
687 2879 763 2923 illc,
836 2879 975 2929 goedias
990 2892 1077 2918 suas
1096 2879 1294 2918 Maternus
1313 2879 1510 2919 ricitabat.

1 2930 4 2934 '
33 2939 134 2976 quem
166 2929 409 2968 adolescentes
443 2943 559 2968 senem
594 2931 762 2979 vidimus,

0 3095 39 3236 l
