1768 3236
189 182 270 242 632
516 193 519 195 ’
599 197 767 240 NOTAE
795 198 865 238 ET
893 194 1354 241 EMENDATIONES‘
1371 206 1384 234 .·

188 301 353 346 Falerni
373 302 605 358 amphoras,
638 301 821 358 singulos
842 300 938 344 Chii
964 302 1104 355 cados,
1138 302 1180 345 in
1211 302 1368 359 singula
1387 302 1573 348 convivia
1595 305 1731 351 distri-

185 377 291 421 buit.
354 376 507 420 Chium
527 377 659 419 adhuc
687 386 728 419 et
763 376 1012 419 Falernum
1001 392 1042 419 in
1075 377 1346 433 Hispaniensi
1373 378 1582 452 triumplio
1601 381 1729 436 dedit,

186 452 299 496 Plin.
321 452 420 495 ibid.
451 452 618 500 Quanta
638 461 735 494 tunc
758 451 909 503 letitia,
945 452 1040 493 cum
1061 452 1244 508 p'opulus
1272 453 1501 507 Romanus,
1534 470 1608 512 per
1628 471 1729 500 con·

184 527 286 569 vivia
317 526 480 579 divisus,
514 527 618 569 inter
651 526 792 582 patriae
827 526 1252 584 triumphantiumque
1290 527 1445 581 laudes,
1484 545 1600 572 suam
1636 530 1726 588 ipse

182 603 390 646 fortunam
412 601 732 658 felicitatemque
754 601 1014 644 celebrabat!
1046 603 1107 644 At
1138 602 1381 659 plerumque
1412 603 1568 658 perfida
1597 606 1727 650 dono-

181 678 273 719 rui'n
294 686 449 719 natura.
512 676 568 718 Et
586 675 724 719 Julius
751 674 906 728 Caesar,
939 675 1009 732 qui
1031 675 1127 718 vitia
1146 675 1394 734 virtutesque
1419 677 1462 720 in
1490 679 1725 725 dominandi

180 760 288 794 artes
306 759 497 802 verterat,
517 750 729 805 congiariis
749 765 914 807 quoque
934 766 1028 793 usus
1057 760 1131 794 est.
1192 751 1238 793 N
1241 767 1288 793 ec
1311 753 1402 810 jam
1426 752 1534 810 gulae
1553 748 1725 810 deliciis,

181 827 268 878 sed,
286 827 433 884 quibus
453 826 512 868 vis
531 825 678 878 acrior,
699 841 800 867 auro
826 834 1076 884 argentoque
1095 825 1306 882 publicam
1326 827 1560 871 libertatem
1587 830 1725 887 erit.

179 901 386 944 Eamdem
402 900 507 953 viam
529 899 617 942 iniit
633 899 793 942 felicior
812 899 1041 956 Augustus.
1102 900 1173 943 Ne
1192 916 1280 943 eam
1302 901 1467 962 quidem
1487 914 1724 960 aspematns

178 984 241 1019 est
270 975 478 1029 Tiberius,
512 975 677 1031 parcior
709 984 862 1026 tamen,
890 975 986 1032 quia
1013 975 1101 1018 aliis
1135 962 1342 1032 regnandi
1359 977 1514 1020 artibus
1539 978 1723 1025 validior.

178 1050 322 1093 Ceteri
341 1042 485 1093 deinde
507 1049 722 1106 Principes
740 1050 820 1091 hac
840 1049 906 1092 vizi
928 1045 1035 1105 iere;
1066 1050 1134 1093 alii
1162 1050 1420 1106 liberalitate,
1450 1051 1520 1095 alii
1550 1068 1723 1099 conme-

175 1125 316 1168 tudine
356 1134 396 1169 et
434 1124 749 1182 prodigalitate3
794 1124 862 1166 alii
900 1124 1083 1179 avaritia,
1121 1126 1216 1168 cnm
1255 1127 1412 1180 darent,
1449 1135 1496 1170 ut
1527 1127 1722 1174 audaci&

177 1201 410 1254 auferrent3
441 1199 508 1255 alii
528 1200 770 1242 necessitate
787 1216 797 1242 z
830 1198 947 1256 plebs
962 1200 1070 1243 enim
1092 1199 1377 1257 largitionibus
1398 1201 1591 1256 inescata,
1610 1203 1722 1250 inst>-¹

173 1273 372 1329 lescebat‚
392 1275 509 1318 avida
526 1290 705 1331 semper,
724 1289 887 1331 semper
906 1290 1043 1332 egens.
1074 1286 1080 1292 ’
1742 1272 1747 1282 ’

232 1336 400 1398 Quanta
421 1359 558 1411 autem
587 1349 794 1406 impendia
814 1350 855 1392 in
875 1348 1091 1406 congiariis
1113 1350 1293 1393 Romani
1315 1350 1591 1407 Imperatores
1610 1348 1722 1397 sees

171 1424 253 1468 rint
265 1424 885 1481 explicaturus„praemonuerim
906 1423 1114 1482 congiaria
1129 1426 1223 1468 data
1235 1426 1357 1468 fuisse
1373 1426 1485 1482 plebi
1503 1425 1718 1484 Romanae,

171 1501 343 1557 ejusque
363 1500 500 1556 pueris
532 1502 585 1542 ab
615 1500 836 1543 undecimo
860 1500 989 1543 aetatis
1021 1515 1142 1554 anno,
1174 1516 1283 1557 saepe
1309 1501 1433 1544 etiam
1463 1500 1714 1548 minoribun

170 1574 368 1631 Augusto
390 1575 601 1632 Principe,
623 1575 832 1631 congiaria
850 1575 1080 1632 pervenisse
1100 1576 1151 1618 ad
1174 1574 1324 1618 civium
1345 1575 1473 1618 millia
1491 1580 1715 1635 numqussm'

170 1649 307 1692 mimis
333 1649 629 1707 quinquaginta
659 1659 702 1693 et
732 1651 919 1693 ducenta.
979 1649 1118 1692 Immo
1149 1638 1238 1706 ipse
1257 1665 1362 1693 anno
1382 1651 1600 1695 tribunitiae
1628 1667 1715 1704 sun

169 1724 385 1782 potestatis
405 1725 750 1777 duodevicesimo,
782 1724 924 1767 consul
957 1737 1050 1767 x11.
1081 1724 1270 1767 trecentis
1290 1733 1334 1768 et
1362 1724 1503 1782 viginti
1532 1725 1714 1772 millibus

168 1797 307 1854 plebei
341 1799 520 1842 Urbanae
553 1799 676 1841 dedit.
738 1799 871 1842 Porri)
902 1800 1011 1851 cum,
1045 1801 1097 1841 ab
1126 1799 1304 1855 Augusti
1337 1799 1585 1857 principatu,
1617 1801 1714 1846 novi

167 1873 276 1916 cives
306 1873 347 1916 in
367 1872 496 1916 tribus
525 1890 687 1929 semper
715 1874 1008 1929 adlegerentur‚
1041 1890 1203 1930 semper
1233 1874 1451 1931 ampliatus
1479 1875 1531 1918 sit
1559 1875 1711 1919 civium

168 1963 378 1999 numeruS,
404 1947 565 1990 nullum
585 1948 660 1990 erit
689 1948 1020 2005 amplificationis
1040 1948 1283 2004 periculum,
1303 1949 1335 1991 si
1366 1948 1390 1990 a
1409 1950 1438 1993 J
1443 1949 1528 1992 ulio
1548 1949 1713 1998 Caesare

167 2025 220 2065 ad
239 2022 468 2080 Trajanum
491 2022 698 2079 congiaria
716 2022 900 2066 ducentis
920 2031 962 2065 et
981 2022 1271 2079 quinquaginta
1287 2023 1498 2066 hominum
1512 2023 1710 2078 millibus,
1735 2051 1742 2060 »

167 2095 193 2138 a
222 2097 404 2154 Trajano
424 2098 473 2139 ad
496 2097 564 2140 M.
581 2097 797 2140 Aurelium
819 2096 1090 2150 Antoninum,
1121 2098 1217 2140 cum
1249 2097 1386 2140 Roma
1418 2098 1496 2140 fuit
1522 2100 1712 2156 frequen·
1755 2091 1757 2093 ,

167 2171 321 2214 tissima
349 2181 390 2215 et
425 2188 570 2228 magna
603 2171 843 2228 Principum
876 2171 1114 2224 liberalitas,
1146 2172 1336 2214 trecentis
1365 2171 1547 2214 millibus
1567 2167 1712 2229 perve-

165 2246 272 2289 nisse
304 2246 618 2302 computaveris.
682 2246 835 2289 Postea
868 2238 932 2289 vel
962 2246 1177 2288 imminuta
1210 2246 1335 2289 Urbis
1364 2247 1604 2304 frequentia,
1642 2247 1710 2292 vel

166 2321 356 2363 adstricta
377 2321 620 2376 Principum
639 2321 874 2374 liberalitas,
895 2330 940 2363 ut
969 2337 1066 2363 mox
1093 2320 1133 2362 in
1155 2321 1358 2377 Septimio
1381 2322 1534 2364 Severo
1554 2321 1709 2365 videbi-

164 2410 269 2438 mus.
329 2396 390 2438 At
414 2396 524 2438 certe
543 2405 632 2437 tum
654 2396 775 2437 etiam
805 2395 1010 2451 congiaria
1031 2405 1196 2446 centum
1217 2394 1504 2452 quinquaginta
1526 2394 1706 2439 millibus

163 2470 374 2512 hominum
407 2486 642 2527 pervenere.
703 2470 839 2512 Immo
872 2470 935 2512 his
965 2470 1189 2512 nationibus
1220 2469 1443 2526 plurimum
1471 2468 1707 2512 minuentur

163 2561 269 2601 cong,
257 2545 467 2587 iariorum
507 2545 714 2600 impensae.
774 2545 931 2586 Verum
973 2545 1152 2586 minuere
1193 2543 1345 2600 potius,
1393 2542 1520 2600 quam
1557 2558 1705 2600 augere

159 2619 343 2676 expedit.
406 2617 611 2661 Immensa
631 2620 763 2661 adhuc
785 2627 975 2675 exsurget
990 2619 1260 2674 pecuniarum
1291 2633 1452 2660 summa
1480 2617 1522 2660 in
1539 2617 1707 2674 congia-

162 2694 228 2736 riis
247 2708 442 2749 expensa.
492 2694 628 2744 Adde,
652 2703 697 2735 ut
719 2692 1083 2749 Imperatoriarum
1103 2692 1364 2748 largitionum
1385 2692 1466 2734 vim
1487 2691 1704 2749 intelligas,

162 2768 507 2825 quemadmodum
531 2768 689 2824 populo
717 2767 937 2823 congiaria,
959 2767 1017 2809 sic
1039 2767 1238 2809 militibus
1257 2767 1446 2809 donativa
1466 2765 1590 2808 fuisse
1608 2779 1704 2823 pm-

160 2842 308 2899 posita,
342 2857 390 2884 ac
430 2843 605 2899 majores
650 2842 892 2898 plerumque
925 2843 967 2884 in
1001 2841 1215 2894 donativis,
1249 2840 1375 2898 quam
1410 2840 1453 2883 in
1485 2838 1704 2896 congium·

161 2915 374 2974 impensas
404 2918 540 2960 fuisse.
603 2917 687 2960 His
723 2916 987 2972 praemonitis,
1026 2916 1245 2972 scriptores
1285 2925 1453 2969 veteres,
1496 2927 1702 2967 nummos,
