1768 3236
214 196 289 238 116
452 212 457 216 ⁷
693 199 739 236 C.
769 197 1035 237 CORNELII
1062 196 1251 238 TACI'rl'

211 307 246 332 ‘⁶
279 304 408 366 saep'e
423 301 472 348 in
493 300 692 367 agmine,
715 300 831 349 cum
856 318 940 349 vos
962 300 1169 365 paludeS,
1192 314 1446 363 montesve,
1480 316 1539 354 et1
1561 298 1752 356 flumina

211 384 246 409 ‘⁶
282 377 539 444 fatigarent,
577 378 809 427 fortissimi
843 380 1067 444 cujusque
1093 397 1231 428 voces
1266 381 1525 442 audiebam,
1561 382 1750 448 quando

212 462 246 486 ‘⁶
282 457 475 505 dabitur
499 456 659 516 hostis,
699 457 886 522 quando
927 457 1076 505 acies?
1121 458 1323 506 Veniunt
1371 459 1398 507 ὲ
1439 460 1622 524 latebris
1659 461 1752 511 suis

211 539 246 563 ‘⁶
280 533 482 583 extrusi:
533 546 578 582 et
615 545 723 582 vota
760 533 997 598 virtusque
1035 534 1083 581 in
1116 546 1291 598 aperto,
1327 537 1572 602 omniaque
1605 552 1754 603 prona

210 617 245 642 ⁶⁶
277 612 545 670 victoribus,
582 623 719 676 atque
753 612 914 659 eadem
946 611 1076 659 victis
1111 613 1313 661 adversa.
1370 616 1495 663 Nam
1531 627 1582 664 ut
1617 633 1752 682 supe-

209 695 244 721 ⁶⁶
278 707 403 739 rasse
425 702 605 738 tantum
638 690 826 749 itineris,
857 691 1004 755 sylvas
1041 691 1248 750 evasisse,
1281 690 1494 740 transisse
1525 692 1750 754 aestuaria,

209 772 244 799 ⁶⁶
276 768 527 832 pulchrum
549 784 601 819 ac
624 767 881 815 decorum
869 784 917 814 1n
950 766 1179 815 frontem·
1161 788 1181 828 3
1203 771 1214 791 ¹
1248 769 1310 816 ita
1331 768 1612 835 fugientibus
1632 771 1757 836 peri-

210 851 243 874 “
279 845 577 904 culosissima‚
601 863 706 910 quae
736 845 874 892 hodie
896 834 1204 909 prosperrima
1222 850 1368 894 sunt.²
1433 849 1603 912 Neque
1624 849 1766 910 enim>

210 927 255 970 “.
278 923 409 972 nobis
432 934 510 970 aut
526 923 738 975 locorum
755 924 916 971 eadem
937 923 1112 982 notitia,
1129 935 1207 971 aut
1225 936 1568 973 commeatuum
1585 923 1747 975 eadein

209 1006 243 1031 ⁶⁶
277 1001 575 1049 abundantia:
602 1001 682 1049 sed
705 1018 887 1062 manus,
906 1013 951 1049 et
973 1005 1131 1060 arma,³
1157 1013 1202 1049 et
1223 1002 1271 1049 in
1293 1003 1363 1050 his
1386 1002 1552 1050 omnia.
1602 1005 1746 1067 Quod

209 1083 243 1106 ‘⁶
277 1079 335 1125 ad
372 1095 448 1125 me
486 1077 659 1137 attinet,
693 1079 790 1143 jam
823 1078 1003 1143 pridem
1036 1078 1149 1126 mihi
1194 1079 1432 1127 decretum
1476 1092 1560 1139 est,
1593 1097 1746 1146 neque

208 1160 242 1187 ⁶⁶
278 1154 527 1213 exercitus,
580 1163 731 1219 neque
783 1155 913 1203 ducis
958 1166 1087 1220 terga
1131 1166 1229 1203 tuta
1273 1173 1384 1204 esse.
1452 1157 1654 1207 Proinde
1698 1170 1760 1215 εἴ,

208 1237 242 1260 ⁶⁶
277 1232 467 1280 honesta
488 1249 615 1280 mors
645 1233 768 1297 turpi
790 1232 883 1281 vita
904 1233 1055 1297 potior
1070 1253 1085 1293 3
1122 1244 1167 1281 et
1194 1234 1481 1283 incolumitas
1507 1251 1559 1283 ac
1587 1236 1746 1296 decus,

208 1314 242 1337 ‘⁶
277 1310 443 1357 eodem
488 1311 591 1358 loco
636 1311 718 1358 sita
753 1322 888 1359 sunt:
924 1328 1009 1359 nec
1053 1311 1304 1376 inglorium
1349 1310 1505 1375 fuerit,
1551 1312 1744 1382 inipso

207 1392 241 1415 “
275 1395 502 1440 terrarum
533 1404 585 1436 ac
608 1399 784 1440 naturae
808 1389 901 1441 fine
924 1388 1189 1443 cecidisse.'’
1692 1384 1697 1387 ’

275 1554 352 1593 34.
390 1550 424 1573 ⁶⁶
459 1548 510 1594 S1
553 1562 686 1594 novae
722 1555 883 1611 gentes
917 1556 1055 1610 atque
1093 1544 1252 1611 ignota
1287 1545 1405 1594 acies
1439 1545 1742 1598 constitisset}

184 1630 241 1652 '⁶⁶
275 1623 471 1671 aliorum
493 1622 782 1671 exercituum
805 1622 1028 1687 exemplis
1058 1639 1140 1671 vos
1174 1622 1411 1690 hortarer:
1447 1639 1572 1671 nunc
1594 1625 1744 1675 vesti‘a

207 1707 242 1729 ‘⁶
278 1701 445 1750 decora
483 1713 733 1760 recensete,
773 1712 949 1749 vestros
987 1701 1148 1748 oculos
1183 1700 1474 1766 interrogate.
1543 1701 1579 1748 Ii
1617 1708 1743 1762 sunt,

208 1783 242 1806 ‘⁶
277 1796 394 1842 quos
449 1779 664 1842 proximo
714 1795 853 1838 anno,
905 1795 1046 1826 unam
1098 1778 1361 1844 legionem⁴
1414 1777 1540 1826 furto
1594 1777 1743 1831 noctis

208 1861 241 1884 ‘⁶
276 1856 533 1920 adgressos,
569 1857 771 1904 clamore
807 1856 1095 1905 debellastis:
1131 1856 1160 1903 ii
1198 1864 1459 1904 ceterorum
1502 1855 1743 1910 Britanno-

206 1938 240 1960 ‘⁶
275 1950 381 1981 rum
404 1931 709 1999 fugacissimi:
742 1935 938 2000 ideoque
954 1934 1128 1982 tamdiu
1151 1933 1426 1998 superstites.
1484 1919 1740 1997 Quomodb

159 2003 167 2016 ⁸
209 2015 242 2038 ‘⁶
276 2012 425 2075 sylvas
478 2012 708 2076 saltusque
758 2013 1116 2077 penetrantibus,
1171 2010 1472 2059 fortissimum
1518 2002 1744 2099 quodqfise

207 2093 240 2118 ‘⁶
276 2088 442 2135 animal
465 2101 626 2136 contra
647 2106 799 2149 ruere,
822 2090 984 2154 pavida
1005 2101 1051 2137 et
1079 2088 1240 2137 inertia
1259 2088 1358 2152 ipso
1381 2088 1574 2154 agminis
1593 2095 1717 2137 sono'
1724 2089 1741 2118 ⁵

206 2170 240 2195 ‘⁶
274 2166 540 2229 pelluntur3
577 2166 640 2214 sic
675 2166 884 2219 acerrimi
918 2166 1246 2215 Britannorum
1281 2167 1377 2231 jam
1411 2164 1592 2234 pridem
1624 2162 1740 2218 ced.

264 2375 276 2393 ¹
307 2377 357 2414 Ιιι
360 2378 547 2429 frontem.
577 2379 620 2416 In
643 2380 820 2430 speciem.
868 2380 932 2418 Sic
1008 2380 1159 2430 gicbant
1179 2377 1354 2423 Romani,
1376 2373 1737 2428 periculosissimum

209 2432 364 2476 Sennea,
383 2433 533 2470 Cousol.
554 2434 599 2469 ad
629 2433 819 2477 Helviam,
848 2447 935 2484 cap.
1009 2441 1102 2471 erat.

209 2487 246 2521 5.
254 2483 412 2534 Itaque
437 2499 503 2535 ego
533 2486 570 2523 in
593 2487 681 2531 illis,
707 2501 785 2537 quae
812 2501 932 2525 omnes
1063 2484 1077 2506 ³
1108 2484 1183 2523 Sed
1198 2498 1339 2531 manus,
1359 2487 1396 2520 et
1413 2496 1529 2521 arma.
1575 2483 1639 2521 Sic
1664 2482 1738 2522 fer·

207 2543 352 2587 optant,
391 2539 597 2577 esti-stimazi
640 2553 794 2590 scmper,
841 2541 935 2578 nihil
1010 2553 1071 2578 me
1101 2539 1244 2586 Livius,
1276 2551 1317 2575 v.
1345 2541 1412 2575 42.
1440 2536 1561 2575 Arma
1589 2535 1768 2591 tantim-

206 2603 287 2628 verz
324 2592 408 2628 boni
443 2592 583 2630 inesse:
615 2593 703 2643 quin
733 2593 860 2631 inania
897 2600 935 2631 et
995 2593 1222 2653 ferrumque
1253 2592 1292 2629 in
1322 2591 1477 2636 dextris,
1509 2590 1612 2628 velut
1629 2574 1768 2635 solae

205 2645 366 2693 specioso
391 2658 433 2683 ac
452 2645 650 2696 decepture
663 2647 762 2696 fuco
781 2647 935 2685 circum-
1011 2645 1187 2697 reliquias
1204 2645 1282 2696 spei
1298 2657 1385 2689 suae,
1403 2644 1601 2682 intuentes.
1656 2663 1659 2666 ·
1682 2650 1706 2668 ³*

206 2698 278 2735 lita
314 2698 448 2745 inveni,
490 2700 594 2737 intr&
631 2699 726 2737 nihil
765 2700 935 2738 habentia
1061 2698 1080 2720 4
1111 2700 1234 2737 Unam
1257 2697 1447 2749 legionem.
1479 2694 1768 2788 Nonamff
1759 2663 1768 2744 l

191 2750 327 2802 fronti
343 2766 417 2790 suoe
434 2754 565 2791 simile.
783 2793 788 2802 x
1011 2766 1140 2798 onom3
1171 2761 1214 2790 ut
1234 2753 1396 2789 vidimus
1411 2764 1527 2802 supra
1545 2763 1631 2802 cap.

191 2803 194 2806 ’
259 2801 278 2819 ²
305 2805 432 2843 Hodie
448 2807 701 2857 prosperrima
717 2810 816 2845 sunt.
849 2808 933 2859 Syl·
1065 2805 1078 2827 ⁵
1110 2807 1173 2857 Ag
1152 2806 1282 2844 «minis
1298 2818 1399 2844 sono.
1440 2805 1535 2844 Haec
1553 2804 1600 2842 de
1617 2802 1739 2841 homi·
1766 2806 1768 2812 “

204 2871 268 2896 vas
294 2859 393 2898 enim
420 2860 596 2906 evasisse,
625 2859 797 2898 transisse
824 2870 935 2899 aestu-
1010 2873 1117 2906 num,
1135 2871 1336 2910 (quoium,
1359 2869 1498 2899 canum
1516 2856 1666 2910 agmine
1680 2855 1756 2895 iu·

153 2931 155 2934 ·
205 2912 298 2958 an'a,
345 2920 493 2950 tantum
543 2914 688 2952 itineris
740 2914 933 2965 super-Asse
1011 2914 1149 2964 tellig‹.

205 2965 318 3010 hodie
336 2968 626 3018 prosperritmun
648 2978 724 3006 est:
746 2969 807 3006 sed
827 2969 854 3005 si
877 2969 935 3006 su-
961 3002 965 3006 .
