1768 3236
668 194 952 233 AGR-ICOLA
959 222 970 232 .
1539 196 1593 237 97

41 309 183 364 ‘taque
204 297 422 363 paulatim
454 297 503 345 in
536 296 739 346 formam
762 297 1010 363 provinciae
1049 295 1263 362 proxima
1285 314 1389 362 pars
1410 295 1590 346 Britan-

41 376 160 424 niae:
197 376 347 424 addita
368 376 555 440 insuper
575 387 900 423 veteranorum
923 375 1130 454 colo'ffia:
1150 377 1163 397 ¹
1195 376 1414 439 'qiiaedam
1436 375 1588 423 civita-

44 465 114 501 tes
137 453 384 518 Cogiduno
409 453 505 518 regi
524 454 709 501 donatae
733 453 794 518 (is
815 454 873 500 ad
895 464 1100 500 nostram
1133 452 1281 517 usque
1315 452 1588 500 memoriam

43 531 291 579 fidissimus
329 531 518 593 mansit)
558 543 711 579 vetere
750 549 801 579 ac
837 533 932 597 jam
977 531 1158 595 pridem
1193 529 1381 593 recepta
1425 527 1586 593 populi

49 608 250 655 Romani
273 605 620 668 consuetudine,
655 620 707 655 ut
729 609 918 656 haberet
948 608 1250 670 instrumenta
1279 607 1506 655 servitutis
1541 618 1588 655 et

45 689 214 751 reges.²
280 688 401 733 Mox
424 686 592 734 Didius
627 686 822 733 Gallus3
859 698 988 749 parta
1019 686 1046 732 31
1080 685 1312 749 prioribus
1345 684 1587 742 continuit,

45 763 202 826 paucis
239 764 497 811 admodum
537 764 729 812 castellis
762 764 808 811 in
840 763 1057 811 ulteriora
1089 761 1328 827 promotis,
1363 779 1447 828 per
1480 779 1587 826 quae

45 838 169 888 fama
190 842 309 889 aucti
332 837 467 889 officii
501 854 800 906 quaereretur.
870 842 1065 890 Didium
1099 841 1357 888 Veranius4
1388 839 1588 904 excepit,

43 916 175 982 isque
197 917 317 966 intra
332 935 507 966 annum
530 920 758 967 extinctus
781 931 862 967 est.
931 919 1177 968 Suetonius
1195 919 1301 966 hinc
1323 917 1559 965 Paullinus
1574 918 1588 944 ⁵

35 994 231 1043 'biennio
247 1013 487 1060 prosperas
504 1015 577 1045 res
595 998 770 1056 habuit,
794 998 990 1046 subactis
1007 997 1282 1055 nationibus,
1305 995 1588 1059 firmatisque

46 1073 295 1135 praesidiis:
333 1071 534 1139 quorum
555 1075 725 1124 fiducia
748 1079 944 1124 Monam
965 1070 1199 1134 insulam,⁶
1231 1085 1283 1121 ut
1305 1074 1424 1121 vires
1440 1073 1588 1121 rebel-

49 1149 167 1198 libus
190 1151 536 1213 ministrantem,
572 1155 832 1219 adgressus,
866 1166 996 1220 terga
1018 1152 1244 1202 occasioni
1266 1150 1514 1217 patefecit.⁷
1588 1174 1590 1181 s

120 1314 195 1354 15.
229 1308 465 1375 NAMQUE
498 1309 700 1358 absentia
723 1309 860 1376 legati
882 1321 1061 1359 remoto
1084 1319 1230 1367 metu,
1264 1306 1472 1356 Britanni
1495 1303 1591 1373 agi-¹

47 1395 144 1431 tare
176 1384 295 1432 inter
317 1403 365 1433 se
389 1388 508 1435 mala
540 1387 784 1447 servitutis,
819 1387 1031 1436 conferre
1064 1387 1266 1453 injurias,
1301 1397 1346 1434 et
1367 1385 1590 1449 interpre-

0 1525 2 1532 γ
48 1462 188 1509 tando
210 1465 474 1513 accendere.
546 1471 579 1494 “
597 1466 727 1514 Nihil
744 1466 906 1530 profici
924 1465 1155 1531 patientia,
1184 1464 1273 1512 -nisi
1291 1475 1342 1512 ut
1359 1463 1588 1529 graviora,

49 1543 83 1566 ‘⁶
117 1550 352 1605 tamquam
391 1538 451 1590 ex
490 1541 610 1591 facili
649 1544 964 1603 tolerantibus,
1015 1543 1327 1610 imperentur:
1381 1541 1589 1606 singulos

49 1620 84 1643 ‘⁶
117 1616 202 1664 sibi
239 1618 352 1666 olim
391 1631 523 1685 reges
557 1619 713 1680 fuisse,
747 1638 872 1670 nunc
912 1621 1045 1669 binos
1081 1619 1254 1684 imponi
1271 1639 1285 1678 ;
1303 1617 1320 1641 ⁸
1354 1617 1381 1667 ὲ
1421 1618 1589 1683 quibus

0 1730 6 1734 -
48 1697 83 1720 “
117 1694 293 1760 legatus
315 1697 362 1745 in
380 1698 685 1764 sanguinem,⁹
695 1703 1009 1765 procurator¹⁰
1030 1699 1079 1747 in
1091 1701 1213 1747 bona
1226 1696 1427 1746 saeviret:
1453 1694 1588 1760 aequc

50 1898 96 1946 ut
114 1894 275 1942 videtur,
287 1897 457 1936 locatum
478 1909 515 1939 et
532 1903 784 1941 nominatum.

854 1902 877 1940 a
896 1892 1005 1941 ,lulio
1026 1903 1188 1948 Caesare,
1215 1900 1313 1939 Bell.
1339 1900 1446 1939 Gall.
1464 1912 1504 1936 v.
1528 1902 1590 1936 13.

51 1948 151 1986 Vide
163 1948 351 1989 Camden’s
362 1953 601 1999 Brit01mia‚b
601 1970 625 2006 y
636 1956 787 2008 Gougl'z‚

855 1965 893 1994 et
910 1956 933 1993 Ξι
954 1956 1090 2002 Plinio,
1113 1968 1170 1993 1v.
1186 1952 1247 1993 16.
1292 1947 1480 2005 Mbnapia
1497 1953 1591 1989 dici-

0 2027 2 2029 >
53 2002 154 2040 Edit.
180 2003 293 2043 1806.
314 2007 402 2045 Vol.
419 2020 485 2045 111.
503 2021 541 2059 p.
561 2014 625 2053 74.

105 2109 118 2126 ¹
153 2111 420 2152 Veteranorum
449 2115 614 2153 colonia.¹
661 2117 787 2168 Supra

55 2166 193 2203 Annal.
218 2179 300 2205 ΧΠ.
318 2172 382 2207 32.
439 2169 594 2207 Colonia
623 2170 789 2209 Camulo-

0 2231 11 2238 ‘
53 2218 200 2265 dunum,
229 2222 354 2259 valida
386 2228 645 2261 veteranorum
664 2238 786 2270 manu,

51 2279 154 2316 nunc
174 2274 399 2314 Colchester.

105 2323 124 2341 ²
151 2327 206 2364 Et
226 2342 343 2379 rege-5.
388 2331 489 2368 Vide
507 2344 621 2381 supra
641 2332 782 2370 Annal.

0 2391 20 2417 s
54 2391 148 2418 xlv,
165 2378 230 2418 26.
251 2395 323 2419 xv.
344 2389 378 2421 1.
397 2391 436 2422 et
452 2385 552 2431 nist.
571 2397 619 2422 11.
640 2391 703 2424 81.

6 2440 21 2450 ¹·
105 2430 120 2453 ³
140 2434 280 2473 Didius
299 2437 447 2476 Gallus.
501 2438 589 2477 Jam
607 2439 786 2478 laudatus

34 2495 167 2541 ⁷supra
186 2489 325 2526 Annal.
348 2503 425 2528 x11.
445 2496 511 2530 40.

21 2540 30 2555 ''
103 2540 123 2562 ⁴*
166 2543 359 2581 Veranius.

51 2594 216 2634 vidimus
229 2609 345 2646 supra
359 2599 499 2636 Annal.
517 2613 598 2638 xu.
614 2604 652 2638 5.
682 2599 791 2638 Stra-

53 2649 223 2700 tegicum,
259 2651 400 2689 librum
432 2653 636 2698 utiliorem,
669 2654 786 2704 quam

10 2707 21 2738 «Ζ
53 2701 332 2752 elegantiorem,
370 2706 428 2744 illi
462 2709 654 2758 inscripsit
685 2707 814 2746 Ono--

0 2774 11 2810 ³„
52 2757 199 2795 sander.

107 2808 120 2830 ⁵
142 2809 340 2850 Suetonius
358 2813 442 2851 hinc
459 2815 670 2854 Paullinus.
728 2815 788 2852 De

53 2875 132 2912 quo
149 2859 273 2903 inulta
292 2867 434 2905 Annal.
455 2880 545 2906 XIV.
568 2873 620 2914 29
639 2876 678 2906 et
695 2881 772 2919 seq.

107 2911 126 2933 ⁶
160 2918 314 2958 Monam
347 2921 517 2959 insulam.
575 2922 693 2960 Nunc
729 2923 790 2960 the

54 2970 122 3008 isle
156 2972 426 3025 qf'Anglesey.
482 2975 604 3013 Mona
636 2989 790 3026 quoque

429 2546 555 2596 Quem
593 2547 787 2584 consulem
808 2564 810 2566 >

855 2019 917 2048 tur
954 2010 1032 2047 alia
1066 2009 1203 2056 insula,
1248 2010 1366 2059 paulo
1405 2007 1590 2057 superior,

854 2077 955 2102 nunc
976 2064 1037 2101 the
1054 2064 1121 2101 isle
1139 2063 1310 2115 ofMan.

909 2115 924 2138 ⁷
955 2117 1150 2156 Occasioni
1164 2117 1359 2169 patefecit.
1415 2114 1592 2153 Suetoni-

857 2185 900 2209 us
920 2171 1134 2217 Paullinus,
1146 2172 1237 2208 dum
1253 2171 1411 2208 Monam
1426 2168 1591 2206 insulam

854 2226 1156 2276 aggrediebatur,
1200 2225 1343 2270 victam
1384 2222 1591 2260 Britanniae

845 2281 1014 2330 partem,
1041 2291 1158 2329 quam
1189 2278 1212 2316 Ξι
1241 2286 1344 2329 tergo
1373 2277 1592 2327 reliquerat,

855 2334 990 2370 subitis
1007 2333 1158 2374 casibus
1175 2333 1330 2382 objecit.

910 2383 925 2405 ⁸
946 2388 1061 2425 Nunc
1079 2387 1181 2424 binos
1200 2387 1348 2439 imponi.
1404 2385 1592 2436 Legatum

855 2453 990 2492 nempe
1029 2447 1068 2478 et
1104 2448 1392 2491 procuratorem
1436 2438 1595 2478 Caesaris

857 2508 908 2531 im
939 2507 1016 2532 om.

909 2508 936 2570 ξ
955 2548 1005 2586 In
1024 2548 1252 2599 sangninem.
1307 2546 1370 2584 Ob
1391 2546 1506 2597 gladii
1525 2559 1593 2597 po-

857 2608 1042 2658 testa‘tem,
1087 2602 1166 2653 qua
1211 2602 1391 2640 utebatur
1434 2600 1596 2650 legatus.

859 2656 960 2693 Vide
986 2657 1130 2706 Digest.
1162 2656 1267 2694 Libr.
1293 2667 1322 2693 Γ.
1350 2654 1427 2693 Tit.
1454 2652 1516 2692 16.
1547 2654 1594 2690 de

859 2709 1003 2759 Officio*
1015 2710 1254 2761 proconsulis
1267 2715 1304 2747 et
1322 2708 1450 2759 legati.
1503 2707 1595 2758 Leg.

859 2761 886 2801 6
902 2772 940 2801 et
959 2768 996 2801 8.

913 2815 948 2833 ¹⁰
972 2817 1220 2855 Procurator.
1257 2816 1335 2862 Qui
1357 2815 1447 2854 cum
1468 2814 1597 2866 publi-

862 2883 924 2908 cas
943 2872 1179 2921 Caesarisquc
1203 2884 1259 2908 res
1284 2878 1448 2915 curaret,
1475 2868 1598 2906 avari—

861 2925 916 2962 tia
945 2937 1042 2975 saepe
1070 2925 1108 2961 in
1139 2925 1238 2961 bona
1264 2925 1452 2962 saeviebat.
1507 2923 1596 2960 Cati

864 2978 1039 3024 Deciani,
1054 2978 1324 3028 procuratoris,
1339 2975 1501 3015 avaritia
1514 2977 1597 3015 Bri-
