1768 3236
290 191 370 231 AD
399 190 500 230 Lm.
527 187 605 228 DE
632 186 880 228 Monmus
907 188 1332 238 GERMANORUM.
1504 193 1585 237 ⁵63

49 293 338 351 sociorumque
371 293 637 337 comitantum
673 292 807 334 forma
848 300 889 335 et
922 292 964 335 in
1007 309 1111 350 pace
1145 294 1362 338 terribilis:
1407 310 1583 352 quorum

49 368 174 424 pedes
192 367 331 424 primi,
359 383 512 424 perone
543 374 693 420 setoso,
722 365 826 409 talos
854 367 1034 424 adusque
1065 367 1358 412 vinciebantur.
1417 369 1584 424 Genua,

49 457 182 494 crura,
212 458 397 500 suraeque
417 442 501 485 sine
521 441 710 497 tegmine,
770 442 928 484 Praeter
946 442 1026 484 hoc
1047 443 1167 486 vestis
1187 443 1283 496 alta,
1313 443 1464 497 stricta,
1496 460 1585 488 ver·⁴

49 516 213 570 sicolor,
242 516 307 559 vix
328 516 658 573 appropinquans
678 515 824 558 exertis
857 516 1101 572 poplitibus.
1159 516 1342 566 Manicae
1373 517 1460 561 sola
1489 520 1585 564 bra-2

48 590 235 635 chiorum
268 590 470 648 principia
507 591 699 634 velantes.
761 590 984 639 Viridantia
1031 607 1128 647 saga
1175 591 1313 634 limbis
1360 592 1582 648 marginata

46 665 246 722 puniceis,
266 665 432 722 penduli
451 682 502 708 ex
521 666 692 714 humero
713 664 836 721 gladii
855 665 999 708 balteis
1020 681 1142 722 super
1158 666 1415 718 ,currentibus
1435 666 1581 712 strinx÷

47 749 162 782 erant
181 739 320 782 clausa
338 739 500 783 bullatis
519 740 645 786 latera
663 739 924 782 rhenonibus.
958 740 1024 782 Eo
1040 756 1122 798 quo
1145 742 1409 784 comebantur
1434 749 1579 791 ornatu

44 813 345 868 muniebantur,
363 813 512 863 lanceis
527 813 696 867 uncatis,
727 813 1019 870 securibusque
1038 815 1257 871 missilibus
1278 817 1429 858 dextrae
1450 817 1578 858 refer-

44 895 113 942 tae,
141 887 294 944 clypeis
323 888 454 937 levam
486 896 645 944 partem
684 889 1031 941 adumbrantibus,
1063 905 1239 946 quorum
1257 889 1328 932 lux
1347 889 1390 932 in
1409 889 1580 936 orbibus

44 962 175 1014 nivea,
231 962 343 1005 fulva
379 962 421 1005 in
458 963 720 1015 umbonibus,
764 962 820 1013 ita
851 979 1012 1017 sensum
1047 965 1261 1019 prodebat,
1306 972 1352 1006 ut
1384 964 1578 1008 studium.

47 1035 210 1080 Cuncta
240 1052 406 1093 prorsus
431 1037 681 1094 hujusmodi,
711 1037 818 1080 utin
847 1037 1006 1080 actione
1037 1037 1323 1091 thalamorum,
1352 1054 1435 1081 non
1453 1054 1580 1095 appa-r¹

45 1120 151 1154 reret
170 1111 302 1154 minor
323 1110 474 1154 Martis
497 1126 665 1167 pompa,
697 1110 821 1168 quam
841 1111 1052 1155 Veneris.''

105 1185 190 1228 Sed
208 1186 340 1230 boves,
400 1185 553 1228 Mallet
574 1185 769 1240 Pichena,
789 1186 860 1228 sed
877 1186 991 1229 binos
1012 1186 1157 1239 boves;
1187 1187 1299 1243 quod
1318 1203 1416 1239 mox
1435 1203 1580 1246 sequa-

45 1268 126 1313 tur,
156 1263 229 1305 hoc
235 1260 379 1318 juncti
401 1260 532 1314 boves,
561 1260 630 1311 350.

105 1334 175 1378 Sic
208 1327 439 1388 vivendum,
481 1335 538 1377 sic
567 1335 836 1392 pereundum.
898 1334 1013 1378 Bene
1048 1335 1187 1378 MSS.
1222 1336 1358 1379 Vatic.
1397 1342 1506 1390 1518
1538 1345 1580 1389 et

42 1415 171 1457 4498.
231 1408 283 1451 In
317 1408 420 1451 MS.
455 1408 590 1451 Vatic.
622 1410 749 1457 2964.
796 1409 853 1452 sic
889 1410 1081 1464 viventes,
1109 1410 1166 1453 sic
1196 1411 1414 1467 parientes.
1474 1411 1578 1456 MS.

42 1483 179 1526 Vatic.
205 1484 328 1527 1862.
358 1483 416 1526 sic
430 1483 694 1540 pariendum.

29 1571 32 1575 ’
102 1557 354 1616 Rursusque.
385 1557 500 1600 Bene
523 1558 760 1601 Rhenanus.
793 1558 1014 1615 Perperam
1035 1558 1076 1601 in
1094 1558 1297 1602 veteribus
1315 1559 1577 1618 editionibus,

40 1647 179 1675 rursus
225 1647 298 1675 uae.

101 1648 322 1765 Refeqrant.
369 1704 420 1748 In
440 1705 580 1759 MSS.
598 1705 735 1759 Vatic.
754 1714 796 1755 et
813 1706 1059 1751 editionibus
1077 1706 1296 1761 veteribus,
1327 1706 1576 1765 referantur.¹

99 1855 220 1899 CAP.
245 1861 310 1904 19.
343 1853 469 1913 Septa
480 1854 701 1912 pudicitia.
761 1855 812 1898 In
831 1854 935 1906 MS.
954 1855 1099 1899 Turic.
1128 1862 1261 1912 septae.

98 1929 235 1979 Poena
249 1945 436 1987 praesens.
497 1929 635 1972 MSS.
656 1929 879 1986 Bamberg.
909 1938 950 1973 et
968 1930 1166 1974 Arundel.
1189 1945 1315 1987 poena
1326 1930 1575 1987 parentibus

41 2011 82 2047 et
99 2004 276 2047 maritis.

102 2077 275 2122 Verbere
293 2079 398 2137 agit.
458 2077 562 2121 MS.
582 2077 778 2122 Arundel.
803 2079 1020 2122 verberans
1038 2079 1143 2138 agit.

99 2152 340 2196 Pudicitia.
400 2152 504 2195 MS.
537 2151 672 2198 Vatic.
708 2155 835 2207 2964.
865 2153 1146 2211 impudicitiae.
1205 2151 1359 2203 Manet
1391 2151 1575 2209 Lipsius,

32 2226 259 2284 publicam
277 2226 401 2270 etiam
415 2226 642 2283 pudicitiae.
702 2227 760 2269 Et
779 2228 882 2270 bene
903 2228 1080 2285 quidem.
1140 2226 1191 2269 Id
1210 2228 1260 2269 de
1281 2226 1472 2284 innuptis,
1490 2240 1574 2268 non

40 2302 91 2344 de
110 2300 301 2343 adulteris
319 2300 477 2349 dicitur.
538 2300 583 2343 N
586 2317 634 2344 ec
653 2301 710 2343 ita
728 2301 940 2357 indiligens
958 2301 1143 2357 Tacitus,
1162 2309 1208 2343 ut
1229 2300 1450 2359 scripserit,
1463 2301 1575 2358 pube

37 2375 173 2419 licata:
192 2376 312 2428 enim,
341 2376 409 2426 350.
440 2384 481 2418 et
501 2391 612 2429 mort,
643 2390 758 2418 nemo
779 2376 899 2429 enim,
928 2376 998 2426 85⁶.

99 2449 163 2493 Et
180 2449 402 2506 corrumpi.
460 2449 563 2492 MS.
581 2449 717 2492 Vatic.
738 2451 864 2498 2964.
895 2465 966 2493 nec
985 2449 1202 2507 corrumpi.

99 2522 288 2566 Seculum
307 2530 492 2568 vocatur.
552 2522 658 2566 Cod.
680 2524 821 2580 Kapp.
847 2531 1057 2567 vocantur.

99 2596 167 2639 Ne
196 2596 285 2639 ulla
312 2596 523 2655 cogitatio.
584 2597 735 2640 Mallet
769 2598 1018 2651 Groslotius,
1047 2613 1119 2650 nec
1152 2597 1290 2641 ulla·-
1321 2618 1364 2638 οι
1385 2612 1433 2641 ac
1458 2611 1573 2651 mox,

38 2685 110 2719 nec
129 2670 293 2728 longior
320 2693 333 2706 ·
349 2693 361 2707 ·
405 2686 514 2714 ·nec
540 2678 764 2728 tamquam.
823 2672 950 2721 Quod
970 2673 1106 2729 primo
1127 2671 1291 2730 quidem
1309 2671 1406 2715 loco
1425 2673 1575 2730 probat

40 2745 252 2798 Ernestus,
281 2760 363 2787 non
382 2744 574 2802 reliquis.
603 2745 679 2795 nisi
704 2745 827 2788 etiam
847 2747 1084 2802 corrigatur,
1113 2754 1269 2789 amant.

102 2819 330 2900 Tamqyam
348 2819 556 2863 maritum.
616 2819 784 2862 Frustra
802 2820 966 2878 quidem
986 2821 1215 2874 emendant,
1234 2819 1437 2865 meritum.
1477 2817 1524 2862 N
1526 2831 1575 2863 ec

41 2893 148 2938 bene
167 2892 340 2939 Grotius
359 2892 599 2943 sententiam
629 2893 687 2944 ita
717 2894 896 2951 invertit,
935 2910 985 2940 ne
1016 2902 1228 2955 tamquam
1255 2891 1580 2949 matrimonium,

605 3007 625 3027 Χ
