1768 3236
417 191 498 230 AD
525 188 707 229 vrrAM
737 189 827 227 CN.
854 188 967 228 JUL.
994 188 1306 228 AGRICOLAE.
1535 188 1613 231 60³

83 311 182 340 cum
201 292 344 338 incolis
363 290 675 348 provinciarum,
691 305 789 346 quas
810 305 915 331 nunc
936 289 1122 351 dicimus,
1138 289 1207 332 the
1225 288 1484 348 Cometiesqf
1493 290 1618 334 Cum-

85 370 271 420 ὂανίαιηί,
295 367 527 424 Callon-ay,
558 364 745 415 Caruere,
767 363 937 422 Argyll,
959 363 991 413 Ι
989 378 1188 416 nvemess,
1213 363 1530 419 Strathnavemz,
1547 368 1617 416 850.

85 438 197 488 Cam
227 451 455 484 extremum
480 439 622 481 insulae
641 438 698 481 sic
718 437 954 495 attigissent,
973 437 1106 480 sinum
1126 437 1345 481 Peutlcmd
1363 437 1485 482 Firth
1514 439 1619 483 inter

85 518 337 562 Britanniam
359 514 618 566 et'Orcadas,
635 512 702 555 the
724 512 892 570 Orkney
907 511 1012 562 isles,
1031 511 1199 567 ingressi
1219 522 1326 565 sunt,
1346 522 1386 554 et
1407 513 1448 554 iu
1469 514 1618 556 On'en-

83 591 208 635 talem
240 588 458 632 Britannia?
494 595 652 644 partem
680 585 843 628 flexere.
902 585 1027 628 Nova
1057 586 1148 627 inde
1179 587 1318 642 praelia
1346 604 1443 630 cum
1472 588 1618 631 incolis
1653 627 1656 630 .

82 668 386 726 provinciarum
417 661 646 714 (ἶαῖίΙιηεεε,
669 659 932 714 Sutherland,
955 659 1153 718 Murray,
1178 660 1369 715 Buchcm,
1392 663 1463 713 8)·0.
1489 679 1619 721 eaque

83 740 323 785 infeliciora.
398 736 683 793 Imprudentes
722 735 829 777 enim
868 735 910 777 in
949 743 1079 779 castra
1117 735 1417 790 Romanorum,
1456 739 1527 795 qui
1561 739 1619 782 ibi

85 815 322 863 tendebant,
346 811 538 862 incidere,
566 811 630 852 καὶ
650 809 775 852 ἔλαθον
795 812 837 852 ἐκ
865 814 930 852 τοῦ
955 810 1012 852 ’ml
1033 809 1184 867 Oai-repa,
1203 812 1293 868 πρὸς
1311 815 1362 852 τὰ
1382 814 1619 870 στρατόπεδα

85 892 138 932 ταὶ
167 891 286 946 ταυτῇ
319 885 407 928 ὄντα
436 884 680 944 προσχόντες,
713 884 816 936 Dio,
845 884 945 926 ibid.
1006 883 1133 926 Novo
1159 884 1238 926 hoc
1270 885 1455 941 periculo
1476 889 1618 940 territi,

85 976 385 1018 castrensesque
406 975 548 1016 poenas
567 958 710 1014 magis,
730 957 855 1014 quam
877 957 1169 1012 calamitosam,
1200 960 1270 1001 sed
1298 959 1483 1013 liberam,
1502 977 1619 1004 suam

86 1048 237 1080 sortem
257 1035 384 1086 exosi,
406 1033 622 1076 liburnicas
642 1032 820 1089 propere
838 1035 1040 1088 repetunt,
1051 1042 1100 1075 ,et
1118 1032 1305 1091 in‘altum
1326 1036 1618 1089 provehuntur.

86 1111 259 1153 Summa
277 1109 388 1152 brevi
409 1109 480 1151 fuit
512 1122 647 1149 rerum
667 1106 851 1148 omnium
871 1106 1032 1162 inopia:
1064 1106 1105 1148 in
1130 1107 1178 1150 iis
1197 1108 1404 1163 angustiis,
1438 1109 1617 1165 primum

83 1183 379 1229 infirmissimos
394 1197 576 1234 suorum,
589 1181 732 1223 deinde
742 1191 852 1223 sorte
871 1181 1014 1222 ductos
1034 1181 1140 1223 vesci
1154 1197 1333 1238 coepere.
1363 1183 1507 1226 Tantis
1519 1200 1617 1227 con-

85 1258 235 1303 flictati
250 1257 434 1309 lniseriiS‚
454 1264 698 1312 tempestate
715 1263 787 1297 aut
805 1254 897 1311 ipso
928 1254 1088 1297 Oceani
1107 1255 1263 1311 impetu
1284 1256 1324 1298 in
1344 1272 1455 1300 mare
1477 1260 1619 1303 Suevi-

84 1349 198 1385 cum,
223 1333 289 1375 the
312 1331 470 1384 Rustic,
490 1331 770 1372 detruduntur.
829 1328 896 1371 Ibi
915 1345 1036 1371 naves
1054 1345 1161 1381 suaS,
1181 1330 1336 1372 viarum
1355 1332 1559 1376 erroribus
1577 1343 1619 1377 et

84 1407 250 1464 regendi
277 1406 436 1449 inscitia
465 1420 644 1461 quassas,
669 1403 853 1455 amisere.
914 1402 1136 1445 Neminem
1163 1420 1306 1447 eornm
1333 1406 1451 1448 sortis
1475 1408 1615 1451 miser—

83 1485 172 1526 tum
193 1491 267 1531 est,
288 1481 397 1538 quod
420 1495 494 1536 pro
514 1477 773 1535 praedonibus
787 1478 1045 1520 haberentur.
1104 1476 1237 1532 Igitur
1255 1480 1353 1526 dum
1372 1479 1615 1535 eluctantur,

84 1565 132 1600 ut
151 1556 300 1612 patrias
317 1555 431 1597 sedes
451 1560 650 1609 repetant,
666 1551 843 1608 primum
859 1550 883 1592 a
901 1550 1043 1594 suevis
1059 1551 1162 1594 inter
1176 1552 1320 1595 Albim
1339 1563 1381 1595 et
1396 1555 1614 1610 vistulam,

85 1645 183 1673 mox
212 1629 238 1672 a
270 1628 407 1674 Frisiis
436 1628 539 1669 inter
564 1626 765 1669 Amisiam
787 1636 828 1668 et
849 1626 1055 1677 Rhenum,
1076 1626 1293 1683 intercepti
1312 1638 1417 1671 sunt.
1477 1631 1616 1678 Quos-

30 1720 39 1730 ³
84 1704 179 1746 dam
199 1718 340 1745 eorum
361 1718 434 1758 per
453 1700 695 1743 commercia
717 1701 995 1750 venumdatos,
1013 1709 1054 1742 et
1074 1700 1116 1742 in
1136 1700 1382 1754 Romanam,
1404 1703 1445 1745 id
1474 1714 1548 1758 est,
1572 1706 1615 1750 in

85 1777 285 1820 sinistram
308 1775 439 1820 Rheni
458 1775 603 1831 ripam,
618 1776 730 1826 (nam
746 1774 930 1817 dextram
952 1776 1142 1817 tenebant
1157 1775 1388 1831 Germani),
1403 1779 1614 1834 adductos,-

83 1851 279 1894 indicium
298 1850 399 1893 tanti
417 1851 534 1892 casus
554 1848 779 1891 illustravit.

141 1924 338 1982 Agricola
357 1932 506 1976 autem,
533 1932 628 1979 post
648 1922 962 1978 Grampiensem
983 1922 1211 1976 victoriam,
1231 1924 1271 1966 in
1290 1926 1475 1981 publicas
1494 1945 1612 1974 curas

84 1999 358 2056 utilitatesque
376 2000 567 2050 intentus,
585 1997 724 2039 audita
749 1996 819 2039 illa
838 1997 1079 2053 Usipiorum
1107 1999 1218 2054 fuga,
1237 2009 1455 2058 certusque
1472 2019 1544 2046 eos
1563 2021 1612 2047 ex

86 2073 344 2118 Occidentali
365 2072 582 2116 Britanniae
613 2071 786 2127 partein
814 2071 1067 2114 Orientalem
1090 2073 1424 2128 Septemtrionali
1451 2077 1615 2134 naviga-

86 2149 198 2192 tione
213 2147 335 2192 fuisse
355 2155 583 2203 pervectos,
596 2145 767 2188 classem
787 2145 908 2198 misit,
928 2161 1018 2202 quae
1038 2146 1131 2188 Tao
1147 2147 1347 2199 aestuari-0,
1367 2164 1474 2192 nunc
1491 2151 1613 2195 Fir-tlt

84 2222 141 2280 of
154 2221 257 2281 Tay,
286 2223 488 2278 profecta,
515 2220 651 2262 littora
669 2220 739 2262 illa
766 2220 818 2261 ab
839 2219 1008 2262 Oriente
1030 2221 1071 2262 in
1101 2220 1370 2264 Occidentem
1400 2224 1611 2280 relegeret,

86 2305 129 2340 et
156 2295 458 2352 diligentissime
477 2294 721 2351 exploraret,
761 2293 864 2345 Dio,
882 2287 969 2335 loc.¹
991 2294 1060 2336 cit.
1118 2294 1240 2337 Tunc
1261 2296 1438 2351 primum
1459 2305 1489 2323 “
1507 2301 1611 2344 hanc

86 2386 200 2414 oram
220 2369 427 2412 novissimi
449 2369 569 2411 maris
601 2368 788 2410 Romana
807 2367 947 2409 classis
965 2367 1238 2411 circumvecta
1256 2378 1332 2420 est,
1358 2371 1613 2431 insulamque

85 2460 174 2488 esse
194 2443 447 2486 Britanniam
466 2441 690 2484 adfirmavit
703 2441 741 2484 :''
770 2450 865 2483 tunc
886 2441 1086 2493 Orcades,
1109 2443 1303 2485 hactenus
1323 2445 1433 2487 fama
1454 2449 1611 2490 tantnm

85 2517 273 2574 vulgatae,
302 2518 429 2569 fuere,
460 2515 683 2571 eremigato
705 2515 1019 2572 Septemtrione‚
1038 2515 1210 2571 cognitae
1231 2525 1274 2559 et
1291 2518 1454 2562 domitae
1473 2537 1483 2563 :
1515 2531 1613 2564 tunc

87 2595 117 2618 “
136 2591 317 2647 dispecta
331 2600 392 2633 est
409 2589 561 2642 Thule,
580 2589 647 2632 tlte
666 2589 868 2631 Shetlaud
885 2588 989 2641 isles,
1008 2604 1111 2646 quas
1128 2589 1319 2633 hactenus
1333 2592 1400 2635 nix
1415 2603 1458 2636 et
1472 2595 1611 2650 hyems

85 2665 304 2717 abdebat?
333 2673 380 2707 ut
399 2664 555 2706 dictum
580 2672 642 2706 est
670 2678 792 2719 supra
821 2678 912 2719 cap.
939 2668 1002 2705 10.
1063 2663 1176 2706 Hinc
1202 2664 1296 2706 vero
1315 2665 1512 2724 intelligas
1531 2685 1611 2713 non

86 2741 153 2783 ad
175 2740 280 2782 hanc
308 2737 489 2788 Thulen,
517 2739 588 2780 sed
620 2738 672 2779 ad
700 2737 831 2793 ipsam
863 2735 1116 2779 Britanniam
1154 2739 1362 2782 referenda
1388 2756 1490 2793 esse,
1520 2759 1611 2800 quae

85 2814 209 2857 habet
241 2812 408 2865 Statius,
435 2811 620 2875 adulator
643 2811 786 2867 magis,
817 2809 942 2867 quam
968 2820 1108 2866 poeta,
1134 2811 1177 2854 in
1203 2811 1433 2867 Sylvarum,
1461 2815 1536 2859 lib.
1567 2832 1608 2859 v.

87 2887 338 2945 Protreptic.
353 2888 406 2931 ad
421 2885 671 2943 Crispinum,
692 2884 856 2939 Bolani,
873 2885 1094 2929 Britannia?
1115 2885 1309 2942 praesidiS,
1322 2886 1453 2930 filium
1471 2902 1527 2932 11.
1540 2895 1610 2933 54.
