1768 3236
669 192 969 237 AGRICOLA.
1520 199 1537 231 1
1549 198 1594 232 15

53 289 88 331 ἃ
121 297 301 348 niemus
322 307 500 345 nostras
517 311 705 343 manus:
739 307 989 360 agnoscent
1007 295 1214 344 Britanni
1237 314 1367 354 suam
1385 314 1591 347 causam:

54 382 90 424 .“
123 376 492 425 recordabuntur
529 372 656 421 Galli
689 372 892 435 priorem
928 373 1212 422 libertatem:
1249 376 1460 424 deserent
1491 376 1595 424 illos

55 459 90 484 ‘⁶
125 454 265 503 ceteri
311 451 555 510 Germani,
605 462 842 514 tamquam
885 467 1036 515 nuper
1083 452 1233 516 Usipii
1276 453 1594 517 reliquerunt.¹

54 538 89 563 ‘⁶
122 534 226 585 Nec
258 530 512 595 quidquam
546 528 668 576 ultra
700 527 959 577 formidinis
983 547 995 577 ε
1031 547 1176 578 vacua
1198 531 1398 589 castella,
1432 548 1596 580 senum

56 615 92 639 ‘⁶
126 608 357 666 coloniae:
378 608 497 654 inter
519 606 639 654 male
667 619 878 670 parentes
900 619 947 655 et
968 607 1134 673 injuste
1157 608 1449 672 imperantes,
1472 626 1596 674 aegra

57 692 92 717 “
126 685 373 750 municipia
403 696 451 733 et
489 684 826 732 discordantia:
863 685 940 733 hic
976 686 1094 745 dux,
1128 686 1204 734 hic
1240 685 1498 734 exercitus:
1535 686 1596 734 ibi

57 768 92 795 ‘⁶
126 764 295 812 tributa
328 775 374 811 et
395 763 613 821 metalla,³
638 775 683 810 et
706 775 871 811 ceterae
895 764 1190 811 servientium
1212 780 1384 827 poenae,
1407 781 1520 828 quas
1550 764 1598 811 in

58 844 92 870 “
127 854 353 890 aeternum
375 840 601 905 proferre,
636 852 715 888 aut
736 841 887 889 statim
923 842 1097 901 ulcisci,
1125 842 1173 888 in
1204 842 1292 889 hoc
1327 858 1492 905 campo
1515 853 1603 890 est„

56 924 91 947 ‘⁶
124 919 324 968 Proinde
351 917 460 969 ituri
491 918 539 965 in
572 918 738 978 aciem,
772 931 817 967 et
853 922 1051 985 majores
1084 931 1278 978 vestros,
1313 931 1358 967 et
1391 930 1598 983 posteros

61 1002 96 1025 “
130 996 377 1061 cogitate.''

130 1160 208 1200 33.
243 1151 531 1199 Exci-amau
577 1151 834 1200 orationem
879 1153 1070 1211 alacres,
1126 1165 1172 1201 et
1226 1151 1407 1201 barbari
1462 1152 1603 1200 moris

45 1240 218 1292 cantu,
241 1240 285 1276 et
308 1227 513 1286 fremitu,
536 1229 908 1294 clamoribusque
930 1230 1136 1278 dissonis.
1185 1232 1379 1295 Jamque
1401 1230 1601 1295 agmina,

2 1361 10 1366 .
62 1318 109 1354 et
146 1322 385 1354 armorum
422 1303 649 1371 fulgores,
694 1308 1004 1355 audentissimi
1049 1310 1272 1373 cujusque
1311 1324 1537 1372 procursu
1554 1325 1566 1355 ε
1584 1311 1602 1335 ⁴

63 1384 199 1432 simul
222 1384 565 1431 instruebantur
586 1383 728 1431 acies:
754 1384 869 1432 cum
888 1385 1129 1449 Agricola,
1146 1402 1426 1449 quamquam
1444 1385 1603 1432 laetum

64 1473 110 1509 et
131 1461 212 1509 vix
238 1461 533 1509 munimentis
555 1461 807 1509 coercitum
841 1463 1034 1511 militem
1068 1463 1416 1511 accendendum
1450 1463 1602 1510 adhuc

64 1549 207 1597 ratus,
228 1538 289 1586 ita
311 1539 550 1587 disseruit:
587 1545 621 1567 ‘⁶
659 1541 864 1588 Octavus
886 1557 1034 1588 annus
1058 1551 1142 1600 est,
1165 1540 1519 1599 commilitones,
1542 1557 1602 1586 ex

65 1621 98 1644 ‘⁶
133 1634 228 1680 quo
250 1616 417 1664 virtute
439 1628 485 1665 et
506 1617 714 1681 auspiciis
734 1618 913 1682 imperii
940 1619 1158 1677 Romani,
1187 1619 1280 1666 fide
1301 1629 1438 1682 atque
1461 1615 1603 1680 opera

47 1699 99 1755 ,“
131 1693 285 1741 vestra
303 1694 586 1743 Britanniam
608 1695 804 1744 vicistis:
841 1708 909 1744 tot
931 1696 1315 1760 expeditionibus,
1329 1707 1397 1742 tot
1419 1693 1604 1758 praeliis,

67 1777 100 1800 “
134 1788 216 1820 seu
253 1769 519 1820 fortitudine
553 1773 776 1821 adversus
811 1770 981 1834 hostes,
1018 1793 1099 1823 seu
1124 1772 1338 1838 patientia
1361 1789 1413 1820 ac
1448 1772 1605 1819 labore

67 1855 101 1877 “
134 1849 268 1913 paene
293 1849 515 1897 adversus
531 1850 678 1914 ipsam
694 1867 853 1898 rerum
869 1862 1081 1900 naturam
1099 1869 1216 1916 opus
1239 1850 1343 1909 fuit,
1360 1865 1511 1914 neque
1528 1864 1605 1896 me

0 1969 7 1987 r
65 1932 101 1955 “
136 1925 351 1985 militum,
385 1944 536 1991 neque
565 1945 648 1976 vos
678 1928 807 1976 ducis
837 1930 1063 1992 poenituit.
1128 1929 1261 1994 Ergo
1298 1926 1485 1993 egressi,
1516 1942 1605 1990 ego

4 2030 8 2034 ·
68 2009 102 2032 “
136 2007 345 2052 veterum
382 2004 656 2070 legatorum,
690 2023 772 2054 vos
794 2007 1002 2070 priorum
1033 2008 1321 2056 exercituum
1353 2004 1607 2065 terminos,⁵

7 2091 10 2095 '
66 2086 103 2110 “
134 2082 277 2138 finem
310 2081 575 2145 Britanniae,
597 2100 693 2130 non
728 2083 869 2143 fama,
893 2102 978 2133 nec
1018 2103 1224 2143 rumore,
1261 2084 1341 2132 sed
1372 2081 1527 2130 castris
1560 2090 1606 2127 et

48 2163 106 2206 ἦ(
139 2158 278 2215 armis
298 2171 522 2208 tenemus.
575 2162 766 2210 Inventa
788 2163 1037 2223 Britannia,
1061 2175 1106 2212 et
1128 2165 1327 2211 subacta.
1375 2158 1607 2223 Equidem

0 2375 9 2417 ξ
74 2370 177 2408 Βοιώ
196 2378 232 2408 et
261 2372 422 2408 barbaro
449 2372 620 2422 dignum.
679 2372 805 2410 orna·
879 2373 953 2410 ime
970 2375 1194 2412 constabant
1211 2371 1385 2409 coloniae.

0 2427 17 2465 ξ,
76 2424 167 2470 tius,
181 2424 243 2461 sed
260 2438 333 2461 non
354 2425 502 2470 molins,
522 2425 663 2471 Livius,
681 2438 722 2463 x.
739 2429 803 2469 39.
935 2423 950 2445 ³
979 2428 1034 2464 Et
1051 2428 1214 2466 metalla.
1251 2425 1405 2470 Quibus
1424 2419 1608 2459 fodiendis

0 2471 11 2510 i*
74 2477 121 2515 Ν
121 2491 166 2515 on
184 2478 320 2515 cristas
336 2479 492 2516 vulnera
503 2479 654 2530 jhc-ere,
673 2484 711 2515 et
734 2491 807 2529 per
877 2480 987 2518 victae
999 2480 1023 2518 ὲ
1038 2480 1217 2519 Romanis
1229 2487 1355 2530 gentes
1367 2475 1608 2514 insudabant.

0 2529 12 2540 “
69 2531 175 2581 picta
204 2538 315 2581 atque
343 2538 479 2569 aurata
504 2538 611 2570 scuta
639 2532 806 2569 transire
931 2531 952 2554 ⁴
995 2535 1197 2573 1’1ocursu.
1245 2532 1455 2582 Fulgebant
1490 2540 1609 2574 arma,

0 2613 7 2638 t
73 2585 277 2623 Romanum
302 2586 431 2635 pilum,
460 2592 496 2623 et
525 2586 683 2623 candore
708 2586 806 2622 tuni-
881 2587 972 2625 cum
988 2589 1280 2626 audentissimus
1292 2579 1619 2635 quisqueinpug}

75 2650 202 2676 carum
231 2639 449 2690 fulgentem
483 2640 610 2685 aciem,
645 2639 708 2676 ubi
745 2652 807 2676 res
881 2654 967 2678 nam
986 2650 1234 2692 procurreret.

0 2642 17 2749 ξ
58 2691 176 2743 ferro
192 2698 365 2743 geratur,
383 2693 588 2730 cruentari.
936 2693 948 2714 ⁵
979 2695 1156 2734 Priorum
1175 2693 1400 2732 exercituum
1421 2687 1609 2747 termino-⁵·-

0 2742 26 2801 ’ζ’
820 2772 824 2779 ,
883 2749 1037 2786 Veteres
1062 2749 1170 2799 legati
1194 2756 1231 2785 et
1259 2746 1400 2797 priores
1419 2747 1610 2799 exercitus

0 2808 10 2826 Γ
45 2827 52 2831 i
133 2798 146 2814 ¹
180 2798 306 2849 Usipii
324 2799 566 2850 reliquerunt.
587 2802 642 2839 Ut
655 2802 803 2840 dictum
884 2802 922 2838 in
941 2802 1139 2840 Britannia
1157 2801 1401 2839 bellaverant.
1433 2799 1484 2834 At
1502 2796 1613 2852 Agri-

0 2892 5 2893 7
76 2858 133 2890 est
150 2865 266 2902 supra
284 2865 371 2903 cap.
391 2859 456 2892 28.
885 2856 972 2893 cola
988 2857 1146 2906 ejusque
1163 2853 1367 2898 exercitus,
1393 2850 1460 2888 hos
1486 2859 1612 2886 ternu-

130 2903 147 2919 ²
195 2906 330 2944 Senum
374 2908 538 2947 colonioe.
592 2909 806 2956 Veteranis,
886 2922 951 2947 nos
969 2910 1117 2960 egressi,
1137 2907 1384 2948 Caledoniam
1404 2903 1593 2944 tenebam·

77 2970 175 3009 quos
194 2959 350 2997 irridens
367 2973 471 3000 senes
498 2961 683 3014 appellat,
700 2975 808 3003 max-
