1768 3236
35 210 133 250 J.C.
153 206 220 248 68.
345 205 490 246 LIBRI
519 204 721 245 DECIMI
751 202 921 267 ΞΕΧΤΙἢ
939 204 1017 242 AN
1023 205 1258 265 NALIUM.

1504 210 1584 252 497

41 317 71 340 “
103 326 214 361 nem
247 311 352 360 tabe
387 306 536 358 ferme
573 318 787 357 enectum
825 320 1211 372 persequerentur
1227 308 1277 357 :'’
1319 307 1584 376 flagitabat,¹

36 406 98 440 ne
120 395 155 419 “
173 388 486 453 Principatum
507 402 645 435 suum
667 396 977 444 cruentarent‚
999 385 1305 451 odiosumque
1326 385 1582 436 facerent.”

33 466 311 534 Tigellinus,
344 463 473 531 quasi
510 463 675 513 Deum
712 480 906 511 munere
941 474 1162 523 servatus,
1196 462 1282 528 pro
1321 465 1467 512 salute
1499 464 1584 514 sua

32 544 197 605 litare3
217 547 232 566 ²
265 558 529 609 magnoque
550 553 705 590 sumtu
727 540 884 606 parata
907 540 1063 600 scena,
1097 540 1220 589 Vinii
1242 540 1367 601 filiae,
1384 541 1470 590 alia
1485 544 1584 607 jam

32 621 284 687 elargitus‚³
319 619 469 669 decies
500 618 763 668 sestertium
776 621 795 647 ⁴
815 618 1092 683 propinare.⁵
1159 619 1370 666 Pronum
1392 619 1582 668 credere

32 698 180 765 quam
201 699 250 746 id
271 696 410 746 fuerit
430 697 604 761 populo
626 696 876 761 ingratum,
890 713 995 760 quae
1012 695 1120 744 inde
1141 696 1365 745 adversus
1379 696 1583 744 Galbam

31 776 214 826 invidia.
315 776 615 824 Accedebant
667 773 827 822 tetrica
881 784 1107 832 senectus,
1171 773 1308 822 tristis
1361 767 1587 833 avaritia‚⁶

34 851 315 920 praepostere
361 862 530 900 tentata
543 855 560 881 ⁷
616 850 802 915 Imperii
846 851 971 917 leges
1015 867 1262 916 moresque
1306 847 1583 901 emendandi

31 931 238 990 consilia,
271 942 317 978 et
343 945 460 979 vana
494 928 709 978 libertatis
738 928 957 977 restitutae
972 926 988 950 ⁸
1028 928 1281 977 ostentatio.
1349 928 1582 978 Praeterea

32 1009 286 1077 gliscebant
329 1025 414 1072 per
457 1007 685 1056 exercitus
722 1007 942 1071 querelae,
994 1006 1126 1071 quod
1160 1005 1458 1055 donativum⁹
1496 1005 1582 1054 sibi

7 1086 315 1152 ‘promissum
343 1084 514 1134 frustra
541 1095 848 1150 reposcerent.
916 1083 1136 1133 Efferavit
1167 1101 1357 1148 quoque
1386 1083 1581 1141 animos,

33 1163 296 1229 magnifica,
330 1164 411 1211 sed
443 1180 539 1211 non
575 1162 676 1210 talis
713 1162 1022 1227 Imperatoris,
1055 1178 1141 1210 nec
1177 1161 1315 1227 hujus
1343 1160 1581 1225 temporis,

33 1258 149 1301 vox,
187 1234 220 1266 ‘⁸
238 1240 330 1306 legi
369 1240 398 1288 a
437 1258 486 1289 se
524 1240 734 1300 militem,
768 1257 865 1288 non
903 1240 1085 1288 emi.”¹0
1152 1239 1227 1288 Sic
1267 1239 1597 1288 coalescebantv

2 1366 7 1373 ,
31 1317 367 1368 discordiarum
401 1334 568 1377 causae,
618 1335 724 1382 quae
763 1328 1031 1381 sequentem
1061 1332 1237 1376 annum
1275 1314 1581 1373 funestavere,

15 1455 17 1457 ¹
35 1397 245 1461 amplum
266 1395 467 1445 historiae
488 1398 867 1461 argumentum.¹¹
925 1460 927 1462 q

91 1597 106 1616 ⁸
136 1598 373 1649 Flagitabat.
427 1589 734 1636 Plutarchfxbid.

89 1649 109 1668 ²
136 1652 284 1690 Litare.
340 1652 540 1690 Plutarch.
559 1652 653 1689 ibid.

90 1702 108 1725 ⁸
138 1706 229 1743 Alia
235 1708 324 1757 jam
336 1705 532 1755 elargitus.
588 1705 686 1750 Quae
713 1705 770 1742 in-

38 1766 96 1799 ten
113 1759 188 1797 fuit
216 1759 368 1806 monile,
397 1759 499 1809 quod
517 1772 565 1796 ex
582 1758 768 1808 pellicum

33 1826 195 1852 suarum
231 1812 422 1863 primariae
455 1812 557 1850 collo
589 1812 769 1854 detraxit,

38 1873 84 1906 ut
113 1866 222 1904 Vinii
258 1866 346 1904 filiae
380 1866 499 1912 daret,
539 1866 768 1903 aestimatum

35 1916 274 1959 πεντεκαίδεκα
285 1916 670 1971 μυςιοίδω,ΡῙυῒ3Γςὶ].
677 1919 770 1956 ibid.

38 1974 79 2012 id
109 1982 175 2020 est,
201 1973 381 2012 sexcentis
399 1973 558 2011 millibus
576 1971 771 2021 nummam,

41 2027 514 2119 Azgzgggssiestertiffim.
569 2080 766 2118 Plutarch.

38 2134 132 2172 ibid.
149 2137 250 2171 πέντε
265 2134 326 2170 καὶ
344 2132 443 2171 εἴκοσι
469 2130 638 2186 μυριάδας
662 2135 770 2185 οἱςγυ-

38 2187 107 2241 ςίε,
134 2188 254 2239 Angl.
285 2189 419 2226 83331.
448 2185 505 2225 63.
538 2189 601 2226 8d.
658 2187 766 2224 Male

0 2285 8 2295 ρ
39 2241 153 2279 vertit
180 2243 359 2291 interpres
378 2241 548 2284 Latinus
577 2241 768 2280 duodecies

39 2292 266 2333 cester-tiam.

95 2346 109 2368 ⁵
139 2348 361 2398 Propinare.
399 2346 599 2385 Plutarch.
618 2347 657 2384 in
673 2347 769 2385 Gal-

42 2400 105 2448 ba,
132 2415 171 2453 p.
193 2399 309 2439 1060.
325 2398 483 2453 πςέπιιν.
539 2399 639 2446 Quae
661 2414 768 2439 com-

40 2453 753 2547 Wiaii'ffiiiissuissussiffleissaeeama

324 2538 332 2546 .
533 2535 542 2544 .
567 2552 570 2554 ¹
756 2536 767 2556 ‚

42 2574 125 2602 ΧΠ.
183 2563 273 2610 Dio,
303 2574 424 2601 LXIV.
443 2576 483 2613 p.
502 2565 592 2606 728.

897 1595 915 1617 ⁷
943 1596 1177 1648 Praepostere
1215 1601 1374 1636 tentata.
1436 1595 1578 1633 Senem

844 1651 1114 1701 imbellemque
1132 1650 1349 1700 Principem
1379 1649 1523 1686 latebat
1540 1649 1579 1685 in

848 1705 1020 1755 Imperiis
1048 1716 1185 1754 magna
1202 1710 1240 1741 et
1257 1711 1383 1740 vetera
1399 1702 1503 1740 mala
1520 1715 1578 1740 sa-

846 1759 927 1795 nari
945 1771 1020 1795 non
1037 1771 1156 1808 posse,
1184 1756 1254 1794 nisi
1275 1757 1459 1794 acerrimo
1478 1757 1579 1806 inge-

846 1812 923 1859 nio,
949 1812 1060 1850 viridi
1089 1819 1212 1858 aetate,
1239 1810 1428 1859 lentisque
1458 1823 1575 1847 reme-

848 1865 934 1903 diis.

902 1916 916 1937 ⁸
938 1919 1144 1957 Libertatis
1162 1918 1360 1956 restitutae.
1415 1917 1526 1954 Unde
1539 1917 1578 1954 in

846 1973 1013 2010 nummis
1025 1972 1162 2010 Galbae
1177 1972 1389 2021 frequenter
1408 1970 1579 2007 occurrit

849 2026 1155 2070 LIBERTAS
1176 2026 1218 2063 P.
1231 2026 1278 2062 R.
1298 2024 1356 2062 vel
1377 2023 1578 2061 LIBER-

847 2079 958 2117 TAS
987 2079 1272 2116 PVBLICA.
1300 2078 1358 2116 vel
1378 2077 1579 2115 LIBER-

847 2133 959 2171 TAS
990 2131 1351 2170 RESTITVTA.

899 2185 917 2206 ⁹
950 2186 1200 2224 ,Donativum
1268 2186 1328 2222 De
1355 2197 1435 2234 quo
1461 2197 1578 2235 supra
1612 2212 1613 2216 ,

848 2253 936 2309 08ξὸ
954 2243 1057 2330 {gon
1074 2293 1155 2338 emi.
1208 2291 1334 2329 Tacit.
1352 2292 1454 2348 Itlistz
1474 2305 1504 2330 1.
1523 2298 1561 2332 5.

902 2345 933 2362 ¹¹
963 2346 1009 2383 H
1010 2347 1149 2385 istoriae
1168 2352 1437 2396 argumentum.
1478 2347 1579 2385 Vide

851 2400 1109 2438 Historiarum
1142 2399 1272 2445 libros,
1318 2399 1459 2450 quibus
1494 2400 1576 2438 fuse

845 2453 1119 2503 splendideque
1133 2453 1206 2491 hoc
1218 2461 1485 2503 argumentum
1503 2454 1575 2491 Ta-.

844 2507 944 2547 citus
961 2516 1016 2546 est
1041 2513 1308 2558 prosequutus.
