1768 3236
650 163 969 202 GERMANIA.

1535 169 1588 212 39

117 278 197 321 30.
231 270 292 319 IN
315 265 444 318 omni
463 267 605 316 domo
625 266 740 315 nudi
761 282 814 315 ac
837 264 1043 324 sordidi,¹
1066 264 1116 313 in
1138 266 1224 315 hos
1249 278 1391 327 anne,
1412 265 1462 316 in
1483 267 1585 318 haec

52 363 272 413 corpora.
298 362 404 411 quae
437 344 676 403 miramur,
709 353 998 392 excrescunt.

51 425 270 495 uberibus
323 423 438 482 alit‚²

1067 344 1160 392 Sua
1186 361 1420 410 quemque
1441 357 1590 395 mater

491 439 578 471 nec
620 421 795 470 ancillis
847 437 900 469 ac
956 419 1212 470 nutricibus
1227 423 1240 449 ³
1296 422 1584 487 delegantur.

44 500 312 552 Dominum
348 517 402 548 ac
434 516 622 548 servum
652 498 791 546 nullis
823 497 1103 546 educationis
1135 497 1306 549 deliciis
1332 498 1587 567 dignoscas.

49 581 176 628 Inter
197 579 358 627 eadem
379 579 585 642 pecora‚4
603 577 652 624 in
681 574 846 623 eadem
878 575 1025 623 humo
1047 575 1241 640 degunt,
1275 575 1424 624 donec
1448 587 1557 626 aetas
1571 580 1588 606 ⁵

46 668 224 722 separet
244 656 487 721 ingenuos,
503 654 647 703 virtus
662 648 916 719 agnoscat.⁶
981 654 1094 702 Sera
1109 653 1336 718 juvenum
1358 654 1518 702 Venus
1537 658 1581 715 3⁷

110 843 125 861 ¹
156 844 269 883 Nudi
283 858 327 883 ac
344 845 502 884 sordidi.
549 846 610 884 Ita
633 858 786 897 quoque

59 896 184 944 Mela,
203 911 272 936 111.
290 903 329 937 3.
358 899 526 937 ,Maximo
526 900 685 952 frigore
696 901 786 939 nudi

58 958 180 1002 agunt
197 953 392 1003 autequam
407 955 576 1003 puberes,
593 960 631 992 et
649 955 787 1006 longis-

56 1005 150 1043 sima
183 1008 282 1056 apud
314 1020 373 1044 eos
395 1007 574 1057 pueritia.
621 1009 722 1045 Vide
748 1015 786 1045 et

56 1059 239 1098 Senecam
258 1060 459 1099 laudatum
476 1074 592 1112 supra
615 1075 702 1112 cap.
725 1066 787 1100 13.

57 1122 138 1151 not.
157 1126 244 1164 sup.
280 1114 398 1164 Apud
417 1114 628 1152 Germanos
645 1125 788 1161 autem,

48 1164 103 1203 ¹ut
126 1175 166 1204 et
195 1168 298 1218 apud
330 1167 566 1206 Canadcnses
595 1170 787 1206 existimate

57 1221 173 1257 verim
216 1234 365 1271 pueros,
399 1220 424 1258 ὲ
459 1222 558 1260 lacte
594 1223 786 1273 depulsos,

57 1273 128 1311 sibi
164 1277 315 1325 penitus
346 1275 458 1312 fuisse
494 1276 702 1325 permissos,
731 1283 787 1322 ui,

59 1328 270 1377 qualosreos
287 1335 424 1366 natura
446 1329 620 1374 finxerat,
645 1330 787 1368 adoles-

59 1389 200 1420 cerent.
220 1393 228 1395 ⁷
272 1382 334 1419 De
376 1383 662 1422 Canadensibus
702 1384 786 1422 vide

58 1436 106 1474 P.
128 1435 175 1472 de
194 1434 438 1484 Charlevoix,
466 1436 541 1474 loc.
559 1439 625 1476 cit.
654 1437 788 1476 Lettre

60 1500 161 1527 xxx.
180 1502 218 1539 p.
240 1493 331 1528 288.

113 1540 132 1558 ²
153 1541 337 1581 Uberibus
352 1544 435 1582 alit.
467 1544 668 1596 Hodieque
682 1546 786 1596 apud

61 1596 298 1638 Canadenses
330 1598 491 1647 populos
506 1612 578 1636 sua
596 1612 786 1650 quemque

58 1658 181 1688 mater
199 1664 266 1701 per
283 1658 355 1689 tros
373 1665 488 1689 annos
507 1652 590 1690 alit.
636 1653 728 1690 Inde
746 1653 784 1691 hi

58 1711 178 1750 artus,
191 1704 394 1755 validaque
413 1718 586 1756 corpora.
608 1707 652 1745 P.
667 1707 786 1745 Char·

58 1757 199 1805 levoix,
235 1757 310 1797 loc.
345 1760 413 1797 cit.
449 1759 584 1798 Lettre
618 1773 714 1800 mx.
747 1775 787 1812 p.

61 1815 158 1850 288.

114 1861 130 1887 ³
160 1865 323 1903 Ancillis
358 1879 404 1906 ac
437 1846 657 1907 nutricibus.
713 1868 789 1906 Ro-

60 1930 175 1956 mana
210 1919 401 1957 institutio
435 1921 630 1972 virtusque
664 1922 787 1972 petiit,

61 1973 127 2009 ubi
142 1972 307 2022 primum
327 1974 406 2011 nati
427 1973 586 2014 infantes
599 1975 788 2013 Graeculis

60 2026 214 2064 ancillis
268 2028 559 2079 nutricibusque
613 2028 787 2078 delegati.

60 2079 162 2117 Vide
177 2079 273 2117 infra
292 2081 444 2130 Dialog.
462 2082 508 2118 de
527 2081 636 2121 Orat.
657 2094 786 2120 xxm.

112 2130 133 2153 ⁴
150 2133 262 2171 Inter
277 2135 403 2172 eadem
417 2147 565 2184 pecora.
613 2136 688 2174 Hic
708 2149 787 2174 mos

55 2186 245 2225 barbaris.
300 2188 400 2225 Vide
427 2201 544 2240 supra
562 2190 788 2228 Annal.1v.

117 2291 130 2313 ⁵
161 2293 292 2332 Donec
328 2296 561 2335 aetas.11la
593 2301 683 2333 aetas
714 2296 790 2346 pri-

63 2359 171 2385 mum
199 2349 348 2387 videtur
367 2349 479 2387 fuisse
496 2361 618 2387 annus
646 2350 789 2386 duode-

63 2399 200 2438 cimus.
253 2402 364 2440 Tunc
396 2403 496 2441 enim
525 2416 619 2454 puer
645 2403 791 2452 ltgibus

63 2454 268 2499 obnoxius,
283 2464 326 2494 ut
342 2465 448 2505 patet
464 2470 512 2494 ex
533 2458 629 2505 Lege
649 2455 792 2500 Salica,

63 2507 141 2545 Tit.
162 2520 321 2546 xxv111.
339 2510 384 2547 (Ie
402 2510 628 2548 Homicidiis
654 2523 791 2559 parvu—

64 2561 197 2608 lorum,
217 2562 302 2612 ch.
322 2559 362 2600 6.
418 2561 461 2600 Si
481 2564 562 2613 quis
577 2576 671 2613 puer
689 2564 791 2610 infra

64 2615 252 2653 duodecim
274 2629 455 2654 ulmorum
473 2617 633 2666 aliquam
650 2617 792 2667 culpam

65 2669 300 2716 commiserit,
314 2669 460 2720 fredus
477 2669 511 2706 ei
529 2683 601 2708 non
629 2670 796 2720 requira-

65 2726 145 2758 tur.
179 2723 239 2759 De
254 2723 358 2760 fredo
370 2723 519 2762 dictum
536 2736 653 2774 supra
663 2724 794 2762 Germ.

66 2787 153 2824 cap.
170 2781 231 2814 12.
247 2786 325 2815 not.
340 2789 425 2827 sup.
457 2777 606 2815 Deinde
621 2777 689 2815 illa
706 2785 796 2814 aetas

67 2827 142 2866 fuit
176 2842 298 2868 annus
333 2830 674 2881 quintusdecimus.
731 2830 796 2868 sic

65 2881 167 2926 enim
196 2882 235 2920 in
268 2884 365 2933 Lege
396 2884 684 2935 Ripuariorum‚
722 2883 811 2921 Tit.

68 2946 229 2974 LXXXL

288 2937 345 2974 Ut
358 2938 542 2989 parvulus
561 2951 633 2976 uon
651 2951 803 2988 respon-

859 847 947 885 deat
972 851 1061 884 ante
1091 844 1295 896 quindecim
1313 857 1442 883 annos.
1495 843 1587 894 Leg.

858 901 964 939 unic.
1019 898 1063 937 Si
1080 899 1162 950 quis
1181 900 1284 937 homo
1305 897 1587 949 Ripuarius'de'-

843 954 1007 1005 functus
1022 953 1167 1005 ficerit,
1194 952 1256 991 vel
1283 952 1519 1012 interfectus,
1548 956 1586 988 et

842 1008 973 1057 filium
993 1007 1200 1063 reliquerit,
1215 1006 1391 1055 usquead
1403 1006 1588 1057 quintum-

857 1062 1031 1099 decimum
1049 1074 1183 1099 annum
1198 1061 1343 1110 plenum
1360 1073 1425 1097 nec
1439 1071 1585 1102 causam

854 1120 1115 1165 prosequatur,
1144 1127 1209 1152 nec
1237 1112 1441 1163 injudicio
1469 1112 1588 1150 inter-

855 1169 1017 1217 pellatus
1035 1181 1245 1218 responsum
1263 1168 1410 1205 reddat.
1468 1166 1587 1210 Quin-

859 1221 995 1260 decimo
1013 1226 1134 1260 autem
1151 1234 1247 1259 anno
1259 1226 1325 1258 aut
1342 1220 1420 1271 ipse
1439 1232 1589 1269 respon-

860 1276 946 1313 deat
963 1281 1029 1313 aut
1047 1275 1273 1327 defensorem
1291 1274 1433 1325 eligat..
1477 1273 1588 1311 Simi-

859 1329 949 1367 liter
967 1334 1004 1367 et
1010 1330 1117 1379 filia.
1175 1330 1259 1367 Nec
1278 1328 1390 1366 alitor
1409 1327 1471 1364 lex
1491 1328 1588 1366 Bur-

859 1382 1109 1433 gundionum,
1157 1383 1236 1420 Tit.
1283 1393 1490 1419 Lxxxvn.
1543 1381 1588 1419 de

861 1436 1053 1474 Minor-nm
1101 1436 1366 1481 contractibus,
1386 1463 1390 1467 >
1413 1435 1501 1484 Leg.
1551 1439 1586 1474 1.

861 1490 1053 1528 Minorum
1071 1491 1175 1528 aetati
1193 1491 1247 1528 ita
1264 1489 1484 1527 credidimus
1504 1501 1589 1526 con-

859 1544 1063 1588 sulendum,
1080 1549 1122 1581 ut
1141 1550 1228 1582 ante
1246 1555 1314 1581 xv.
1333 1542 1455 1581 aetatis
1473 1555 1587 1580 annos

862 1597 914 1635 eis
933 1610 998 1635 nec
1016 1598 1207 1645 libertare,
1235 1597 1290 1646 (id
1319 1606 1386 1642 est,
1415 1595 1589 1634 libertate

861 1651 1016 1699 donare)
1044 1665 1109 1689 nec
1141 1651 1310 1696 vendere,
1348 1663 1414 1688 nec
1450 1649 1613 1705 donare*

861 1706 984 1744 liceat.
1042 1705 1137 1742 Haec
1169 1705 1258 1754 erg&
1292 1705 1367 1742 fuit
1396 1704 1588 1753 majorum

861 1766 964 1797 aetas.
1009 1758 1142 1797 Postea
1159 1758 1275 1796 serior
1290 1758 1377 1804 suit,
1396 1756 1487 1795 cum
1506 1770 1590 1807 gra-

862 1813 966 1851 viora
1001 1812 1106 1851 fuere
1139 1825 1259 1851 arma.
1314 1811 1415 1848 Vide
1450 1810 1511 1849 Cl.
1541 1811 1589 1849 de

863 1866 1148 1916 Montesquieu,
1191 1865 1326 1916 Esprit
1372 1866 1436 1904 des
1481 1863 1589 1913 Loia‘,

863 1933 994 1958 xvui.
1012 1917 1078 1958 26.

913 1970 931 1991 ⁶
979 1974 1112 2012 Virtus
1165 1978 1358 2024 agnoscat.
1430 1972 1590 2023 Egregie

863 2028 1025 2066 dictum.
1083 2027 1166 2066 Nec
1185 2028 1296 2065 aliter
1314 2027 1505 2076 majorum
1523 2040 1590 2064 an-

862 2095 929 2119 nos
948 2081 1101 2119 militari
1122 2081 1263 2119 virtute
1283 2080 1454 2118 definivit
1466 2081 1592 2118 Theo«

863 2135 1028 2181 doricus,
1057 2148 1137 2179 rex,
1172 2135 1277 2185 apud
1305 2134 1589 2181 Cassiodorum,

868 2189 1080 2234 Variarum,
1121 2188 1195 2239 Ep.
1232 2201 1262 2226 1.
1299 2192 1365 2226 38.
1427 2187 1591 2226 Juvenes

863 2242 999 2286 nostri,
1018 2243 1081 2292 qui
1098 2242 1148 2279 ad
1167 2241 1366 2280 exercitum
1381 2243 1592 2292 probantur

863 2296 998 2340 idonei,
1026 2296 1219 2346 indignum
1239 2300 1294 2333 est
1321 2300 1366 2333 ut
1395 2295 1446 2332 ad
1476 2295 1591 2333 vitam

862 2363 966 2388 suam
996 2349 1256 2399 disponendam
1283 2348 1459 2386 dicantur
1487 2349 1593 2398 iufir-

864 2404 938 2442 mi:
969 2407 1006 2440 et
1032 2407 1215 2453 putentur
1232 2403 1374 2440 domum
1392 2415 1495 2439 sumn
1520 2416 1594 2440 non

865 2469 1007 2508 regere,
1034 2456 1098 2506 qui
1131 2457 1337 2494 creduntur
1365 2456 1460 2493 bella
1488 2469 1594 2505 posse

866 2515 1048 2548 tractare.
1077 2509 1214 2548 Gothis
1227 2515 1372 2548 aetatem
1391 2508 1594 2558 legitimam

866 2564 987 2602 virtus
1000 2563 1122 2614 facit.
1176 2563 1232 2600 Et
1251 2563 1314 2613 qui
1330 2563 1431 2601 valet
1457 2562 1595 2600 hostem

867 2618 1077 2665 coufodere,
1104 2617 1149 2653 ab
1179 2616 1276 2654 omni
1306 2629 1344 2655 se
1363 2618 1452 2667 ιφἰιφη
1489 2617 1595 2654 debet

867 2671 960 2709 vitio
977 2670 1181 2709 vindicare.
1443 2697 1446 2699 Α

921 2721 938 2747 ⁷
967 2724 1062 2762 Sera
1082 2726 1268 2778 juvenum
1306 2723 1441 2761 Venus
1498 2721 1595 2759 Haec

867 2778 1034 2815 illustrat
1049 2778 1136 2815 Jul:
1145 2765 1286 2823 Caesar,
1300 2777 1396 2814 Bell
1411 2775 1517 2814 Gall.
1539 2787 1596 2812 VI.

868 2836 933 2870 21.
985 2830 1062 2876 Qui
1079 2830 1281 2870 diutissime
1300 2831 1500 2891 impubems
1515 2842 1599 2878 per-

869 2889 1094 2929 manserant,
1112 2886 1304 2922 maximam
1322 2884 1422 2921 inter
1440 2895 1525 2919 suos
1531 2881 1599 2933 fe-

871 2944 960 2977 runt
980 2938 1138 2988 laudem,
1164 2938 1232 2977 hoc
1250 2938 1304 2976 ali
1319 2942 1518 2982 staturam,
1546 2935 1601 2973 ali
