1768 3236
272 187 353 227 AD
381 186 485 226 LIB.
514 182 589 225 DE
618 181 865 225 MORIBUS
896 183 1318 227 GERMANORUM.
1505 191 1587 236 559

22 269 139 332 'leurs
150 296 433 348 compagnons.
463 293 476 314 ‘
485 288 611 341 C’est‚
624 290 763 346 ajoute
774 288 935 341 Tacite,
949 286 991 330 13
1002 287 1172 344 dignite„
1186 289 1286 331 c’est
1298 287 1337 330 13
1349 287 1579 344 puissance,

30 363 158 407 d'etre
177 365 364 422 toujours
381 363 554 407 entoure
577 363 695 405 d’une
714 363 828 405 foule
848 364 899 404 de
909 364 1057 420 jeunes
1067 378 1166 419 gens
1178 378 1258 420 que
1269 351 1352 406 l'on
1367 378 1392 405 a
1405 364 1578 419 choisis3

33 438 133 482 c’est
153 454 208 481 un
221 447 431 495 ornement
445 439 543 480 dans
558 437 598 480 la
609 437 719 494 pais,
749 438 849 479 c'est
862 453 916 479 un
930 446 1111 493 rempart
1125 438 1223 479 dans
1241 436 1282 479 la
1301 453 1459 493 guerre.
1502 440 1575 482 On

10 533 14 538 ·
32 527 78 555 se
93 514 190 555 rend
209 513 375 556 celebre
395 513 493 555 dans
514 528 558 555 sa
573 512 709 554 nation
723 520 764 553 et
778 512 879 554 chez
892 511 951 554 les
965 510 1137 567 peuples
1156 511 1320 564 voisins,
1340 513 1373 554 si
1388 512 1471 555 l'on
1486 528 1575 556 sur·

31 603 153 644 passe
162 587 222 629 les
233 596 368 630 autres
387 603 460 644 par
477 587 516 629 le
534 589 708 629 nombre
727 595 767 628 et
787 586 825 628 le
845 601 1021 641 courage
1034 571 1084 627 de
1100 601 1162 628 ses
1181 601 1459 642 compagnons
1477 605 1486 630 :
1519 604 1574 631 on

30 662 164 719 regoit
176 663 248 704 des
259 662 466 718 presents:
489 661 548 704 les
558 662 817 704 ambassades
833 660 1019 702 viennent
1028 661 1078 702 de
1091 668 1226 702 toutes
1243 671 1368 716 parts.
1389 663 1577 706 Souvent

30 734 71 778 la
91 736 328 792 reputation
346 737 492 780 decide
510 738 561 779 de
580 735 620 778 la
636 751 792 792 guerre.
854 735 971 777 Dans
990 734 1029 777 le
1050 737 1233 788 combat,
1262 735 1291 778 11
1310 745 1372 779 est
1389 738 1572 780 honteux

31 825 86 852 au
103 810 245 866 prince
278 810 402 853 d'etre
432 811 631 853 infferieur
660 826 712 853 en
741 826 944 866 courage3
973 809 1002 852 il
1033 818 1095 852 est
1113 810 1294 853 honteux
1321 809 1347 852 ὲ
1366 811 1406 853 13
1425 820 1574 868 troupe

31 885 85 927 de
102 899 152 927 ne
170 885 287 942 point
306 885 447 940 egaler
465 885 505 926 la
523 885 662 927 valeur
680 886 736 926 du
757 885 923 956 prince3
953 884 1051 927 c’est
1075 899 1154 926 une
1174 884 1341 927 infamie
1375 886 1574 928 0101110110

31 960 84 1002 de
100 958 159 1002 lui
178 960 291 1002 avoir
322 960 509 1002 survecu.
569 959 887 1014 L'engagement
923 958 962 1001 le
999 958 1092 1014 plus
1114 959 1256 1012 sacre,
1308 959 1406 1002 c'est
1445 962 1496 1002 de
1533 960 1574 1003 le

31 1033 239 1076 desendre.
299 1033 345 1077 Si
364 1049 443 1077 une
462 1034 542 1077 cite
562 1044 624 1076 est
643 1050 693 1076 en
712 1033 834 1090 paix,.
852 1033 911 1075 les
937 1033 1098 1089 princes
1118 1042 1217 1076 vont
1236 1035 1336 1076 chez
1357 1034 1481 1077 celles
1501 1035 1574 1092 qui

31 1108 124 1150 font
141 1107 183 1151 13
214 1123 385 1164 guerre3
429 1109 527 1151 c’est
560 1108 694 1165 par—ld
725 1108 844 1166 qu’ils
878 1115 1118 1150 conservent
1150 1100 1206 1151 1111
1240 1111 1365 1165 grand
1398 1112 1573 1153 nombre

32 1183 189 1225 d'amis.
249 1183 427 1226 ceux-ci
446 1183 655 1241 regoivent
674 1183 792 1225 d’eux
812 1182 852 1224 le
870 1181 1011 1225 cheval
1039 1182 1094 1224 du
1115 1186 1286 1225 combat
1304 1183 1403 1226 et‘le
1414 1184 1573 1242 javelot

4 1262 8 1264 ‘
31 1256 211 1299 terrible.
240 1273 248 1276 ’
269 1257 354 1300 Les
373 1272 492 1314 repas
510 1273 592 1314 peu
612 1257 801 1310 delicata,
830 1257 932 1299 mais
949 1258 1109 1312 grands,
1139 1266 1232 1301 sont
1257 1274 1337 1301 une
1354 1275 1500 1315 espece
1520 1261 1571 1302 de

31 1330 149 1373 zolde
168 1347 276 1388 pour
293 1348 388 1375 eux.
447 1330 512 1374 Le
531 1331 673 1388 prince
692 1348 744 1374 ne
764 1332 942 1375 soutient
977 1347 1039 1373 ses
1069 1330 1301 1375 liberalites
1321 1349 1401 1390 que
1419 1350 1494 1390 par
1510 1334 1571 1377 les

31 1420 199 1462 guerres
229 1415 272 1449 et
289 1406 350 1449 les
394 1406 568 1463 rapines.
627 1406 744 1449 Vous
777 1407 865 1449 leur
899 1406 1178 1463 persuaderiez
1215 1407 1308 1449 bien
1348 1408 1482 1450 moins
1519 1409 1572 1451 de

29 1479 224 1523 labourer
242 1481 282 1523 13
300 1490 404 1524 terre
422 1490 464 1523 et
493 1481 716 1524 d’attendre
748 1481 918 1534 Fanniae,
948 1496 1028 1537 que
1061 1480 1285 1537 d’appeller
1314 1481 1502 1524 l'ennemi
1530 1490 1572 1525 et

33 1554 86 1596 de
103 1555 284 1598 recevoir
314 1557 384 1597 des
418 1555 642 1610 blessures3
686 1556 735 1598 ils
762 1556 1047 1613 n’acquerront
1079 1571 1154 1612 pas
1187 1571 1262 1611 par
1293 1555 1334 1597 la
1367 1572 1490 1599 sueur
1522 1563 1572 1600 ee

34 1629 154 1686 qu'ils
172 1637 349 1686 peuvent
367 1630 530 1672 obtenir
548 1644 622 1687 par
640 1630 678 1673 le
698 1631 822 1686 sang?
835 1631 860 1649 ’'
918 1629 970 1672 In
1002 1630 1050 1672 iis
1083 1630 1249 1687 quidem
1285 1646 1416 1686 pauca
1434 1631 1574 1673 omisit

23 1699 312 1751 ¹immutavitve
332 1704 399 1747 Cl.
419 1706 471 1747 de
499 1704 809 1762 Montesquieu,
840 1705 952 1762 quod
980 1704 1155 1760 scriptor
1185 1714 1305 1755 esset,
1333 1719 1417 1746 non
1447 1704 1571 1747 inter-

31 1793 141 1836 pres.
202 1778 321 1821 Bona
339 1781 575 1834 probemus,
605 1781 868 1822 emendemus
886 1788 1033 1820 cetera.
1089 1778 1283 1821 Tacitum
1317 1776 1343 1820 d
1375 1778 1444 1820 tali
1468 1776 1570 1833 vird,

34 1853 147 1910 quod
166 1854 332 1910 quidem
351 1853 421 1895 diu
440 1853 656 1896 meditatus
675 1863 750 1904 est,
779 1853 820 1895 in
840 1852 1051 1896 Gallicum
1066 1868 1299 1896 sermonem
1314 1869 1474 1896 versum
1488 1869 1571 1897 non

32 1927 180 1980 fuisse,'
203 1925 365 1984 semper
383 1927 563 1970 manebit
580 1928 837 1970 desiderium.
898 1982 905 1989 r
1266 1979 1271 1981 ,

93 1985 330 2045 ‘Electorum
334 2003 552 2060 juvenum.
583 2002 686 2046 MS.
707 2002 908 2046 Arundel.
926 2011 968 2045 et
989 2001 1096 2045 cod.
1121 2001 1261 2059 Kapp.
1282 2010 1321 2045 et
1336 2002 1568 2046 electorum.

31 2063 156 2119 Unde
186 2084 315 2119 tentat
345 2075 556 2131 Emestus‚
596 2084 636 2120 et
669 2076 876 2120 lectorum.
934 2076 1157 2133 Eleganter
1175 2077 1355 2135 quidem,
1383 2078 1454 2119 sed
1486 2092 1570 2119 non

31 2150 274 2193 necessarii).

92 2224 152 2268 Iu
170 2223 245 2267 31ιᾶ
259 2232 382 2282 gente
400 2225 558 2283 cuique.
619 2224 779 2283 Cuique
798 2226 914 2267 abest
932 2224 956 2267 d
978 2225 1082 2269 MS.
1099 2225 1235 2268 Vatic.
1254 2227 1383 2274 2964.

91 2383 213 2427 Cu.
237 2390 303 2428 14.
336 2383 433 2427 Non
453 2385 682 2444 adaquare.
700 2383 763 2429 ‘Iu
781 2385 984 2428 veteribus
1004 2385 1261 2438 editionibus,
1291 2401 1375 2429 non
1393 2374 1568 2445 aequare.

90 2457 359 2515 Praecipuum
394 2466 708 2503 sacramentum.
766 2459 817 2502 Iu
858 2460 1060 2503 veteribus
1095 2460 1354 2515 editionibus,
1383 2469 1425 2504 et
1463 2453 1566 2506 MS.

31 2533 147 2589 apud
168 2533 374 2589 Lipsium,
398 2534 633 2592 principum
650 2541 962 2578 sacramentum.
1429 2526 1434 2532 ⁴
1623 2584 1630 2597 ἱ

93 2605 343 2665 Etfacilids
358 2608 468 2651 inter
486 2609 688 2666 ancipitia
709 2609 945 2652 clarescunt.
1003 2607 1055 2651 In
1074 2609 1255 2666 Spirensi
1284 2618 1328 2652 et
1356 2609 1573 2666 Poggianfi

32 2679 293 2735 editionibus,
336 2682 575 2726 clarescant.
636 2683 887 2727 Puteolanus
923 2685 1219 2738 emendaverat,
1280 2691 1317 2727 et
1369 2691 1418 2727 ut
1464 2708 1478 2720 ·
1492 2707 1506 2721 ·
1521 2707 1533 2720 ·
1549 2706 1564 2719 ο

31 2753 274 2799 clarescant.
766 2780 771 2784 ·
1087 2781 1089 2783 ·
1556 2785 1558 2788 >

96 2827 266 2873 Tueare.
324 2828 391 2873 Ita
420 2830 560 2876 MSS.
589 2831 727 2876 Vatic.
764 2835 874 2877 1518
912 2840 954 2876 et
985 2837 1114 2882 4498.
1144 2840 1303 2876 veteres
1333 2846 1501 2889 quoque
1529 2837 1571 2874 et

31 2913 216 2948 recentes
249 2893 462 2952 editiones.
518 2904 573 2952 In
605 2907 710 2954 MS.
738 2906 876 2954 vatic.
905 2909 1033 2960 2964.
1062 2914 1103 2953 et
1134 2907 1280 2952 mediis
1310 2905 1572 2960 editionibus,

147 3006 262 3043 Vol..
295 3008 360 3041 xv.
1363 3002 1391 3041 2
1423 3009 1454 3040 N
