1768 3236
441 184 722 226 mALocus
752 183 830 222 m:
857 184 1226 226 ORATORIBUS.
1518 179 1593 234 175²

49 295 229 345 cultum
262 292 516 342 verborum
545 288 773 349 miscetis;
809 305 864 337 ea
886 288 1051 336 electio
1083 288 1370 350 inventioniS‚
1401 290 1442 343 is
1474 293 1594 341 ordo

50 389 227 430 rerum,
249 383 295 419 et
317 369 529 436 quotiens
551 385 686 417 causa
707 367 872 431 poscit,
902 368 1116 426 ubertas3
1153 384 1225 426 ea,
1247 369 1461 432 quotiens
1487 387 1594 434 per.

50 449 263 508 mittitur,
289 447 503 506 brevitas,
538 446 577 495 is
609 444 952 510 compositionis
985 446 1145 504 decor,
1177 462 1233 493 ea
1266 447 1603 498 sententiarum
1647 494 1650 496 .

49 527 242 591 planitas
263 537 348 583 est,
366 525 429 573 sic
453 523 708 588 exprimitis
720 523 929 582 affectus,
946 522 1009 571 sic
1034 523 1290 571 libertatem
1310 526 1592 588 temperatis,

51 615 104 652 ut
136 603 273 652 etiam
305 602 343 651 si
375 614 533 650 nostra
558 601 730 667 judicia
760 600 1016 666 malignitas
1052 612 1098 648 et
1131 599 1299 649 invidia
1331 603 1592 669 tardaverit,

2 706 10 727 x
31 678 215 733 §erum
237 682 296 732 de
312 680 443 728 vobis
463 679 631 727 dicturi
652 678 743 726 sint
758 680 772 700 ¹
795 677 966 743 posteri
987 677 1146 726 nostri.

118 844 198 884 24.
258 837 394 899 QUAE
448 835 565 883 cum
622 837 755 898 Aper
803 833 1009 892 dixisset,
1054 833 1397 899 Agnoscitisne‚
1440 833 1590 900 inquit

51 916 327 972 Maternus,
349 912 444 960 vim
466 925 511 960 et
533 913 748 960 ardorem
782 912 903 976 Apri
935 911 1112 960 nostri?
1148 929 1242 977 quo
1265 912 1440 976 impetu
1462 930 1594 961 secu-

50 992 152 1041 lum
195 1003 408 1039 nostrum
451 988 682 1039 defendit!
725 989 869 1053 quam
913 989 1098 1053 copiose
1145 1006 1196 1036 ac
1242 989 1366 1037 varic
1410 990 1595 1038 vexavit

18 1106 21 1108 -
49 1069 288 1134 antiquos!
325 1081 497 1133 quanto
531 1084 626 1116 non
659 1067 817 1116 ‘solum
838 1067 1024 1132 ingenio
1059 1083 1111 1115 ac
1139 1066 1317 1130 spiritu,
1351 1067 1433 1115 sed
1456 1067 1594 1116 etiam

49 1147 308 1195 eruditione
329 1159 374 1195 et
396 1158 510 1206 arte,
532 1148 590 1195 ab
612 1146 719 1210 ipsis
742 1157 976 1193 mutuatus
998 1156 1083 1204 est,
1107 1161 1191 1208 per
1208 1162 1312 1209 quae
1337 1162 1450 1192 mox
1470 1145 1596 1209 ipsos

50 1224 319 1274 incesseret!
367 1227 528 1273 Tuum
562 1237 733 1284 tamen,
768 1223 984 1283 Messala,
1015 1223 1294 1288 promissum
1326 1222 1595 1272 immutasse

1 1342 20 1351 ..
49 1320 148 1351 non
171 1305 339 1357 debes:
375 1319 528 1368 neque
561 1303 687 1351 enim·
718 1301 984 1351 defensores
1018 1301 1315 1365 antiquorum
1347 1299 1594 1366 exigimus,

50 1397 138 1429 nec
162 1397 444 1445 quemquam
460 1393 749 1438 nostrorum,
763 1396 1045 1444 quamquam
1067 1378 1212 1426 modo
1231 1378 1399 1426 laudati
1415 1394 1595 1438 sumus,

51 1459 142 1518 his,
187 1475 304 1524 quos
341 1458 585 1506 insectatus
620 1469 688 1508 est
724 1459 875 1521 Aper,
911 1472 1261 1520 comparamus:
1309 1472 1362 1504 ac
1401 1471 1461 1503 ne
1495 1455 1594 1519 ipse

0 1540 10 1547 '
51 1536 277 1602 quidem
264 1547 326 1584 ita
347 1536 499 1593 sentit,
522 1536 601 1583 sed
625 1552 757 1583 more
787 1535 949 1594 veteri,
972 1546 1017 1582 et
1042 1552 1070 1582 a
1091 1533 1253 1583 vestris
1275 1532 1594 1598 philosophis²

51 1632 177 1679 saepe
198 1614 446 1673 celebrato,
469 1614 629 1663 sumsit
651 1613 735 1662 sibi
754 1611 1098 1662 contradicendi
1121 1623 1285 1676 partes.
1354 1612 1598 1675 Exprome

0 1710 4 1718 ’
51 1692 203 1751 nobis,
224 1708 321 1741 non
348 1691 656 1739 laudationem
689 1691 1005 1755 antiquorum,
1040 1689 1144 1738 satis
1178 1689 1302 1737 enim
1335 1687 1439 1736 illos
1470 1687 1596 1736 fama

0 1780 13 1801 ³⁷
49 1787 136 1820 sua
156 1769 328 1828 laudat,
358 1770 439 1817 sed
462 1785 637 1827 causas,
660 1785 746 1816 cur
775 1768 823 1815 in
853 1780 1033 1816 tantum
1055 1768 1113 1815 ab
1136 1765 1399 1830 eloquentia
1429 1781 1595 1813 eorum

51 1847 405 1907 recesserimu83
441 1847 556 1895 cum
589 1845 844 1910 'praesertim
875 1857 1063 1894 centum
1086 1855 1132 1892 et
1163 1843 1323 1909 viginti
1358 1834 1502 1891 annos
1533 1843 1596 1890 ab

4 1981 6 1986 ,
50 1926 235 1977 interitu
276 1924 514 1974 Ciceronis
553 1924 600 1972 in
644 1924 769 1973 hunc
816 1923 940 1972 diem
985 1922 1102 1971 effici
1144 1922 1260 1974 ratio
1298 1933 1564 1986 temporum
1578 1921 1593 1947 ³

0 2007 8 2032 2·
51 2003 304 2069 collegerit.

6 2218 7 2222 Ἰ
118 2166 198 2207 25.
234 2160 360 2207 Tum
391 2160 633 2208 Messala.-
671 2159 849 2223 Sequar
885 2176 913 2205 a
949 2169 994 2206 te
1023 2155 1338 2221 praescriptam
1361 2153 1595 2213 formam,

0 2297 5 2313 ι
51 2238 294 2287 Materne:
328 2253 481 2302 neque
507 2236 631 2286 enim
664 2236 743 2284 diu
776 2236 1188 2297 contradicendum
1223 2245 1291 2282 est
1324 2236 1477 2297 Apro,
1509 2232 1593 2296 qui

0 2315 7 2342 ¹'
50 2315 277 2378 primum,
299 2326 351 2362 ut
373 2315 555 2379 opinor,
572 2315 770 2363 nominis
791 2314 1151 2363 controversiam
1174 2311 1334 2370 movit,
1355 2322 1594 2375 tamquam

51 2394 222 2458 parum
251 2392 436 2459 proprie
459 2393 632 2458 antiqui
662 2404 955 2452 vocarentur,
989 2408 1106 2456 quos
1140 2390 1245 2438 satis
1278 2399 1455 2438 constat
1486 2397 1594 2435 ante
1635 2453 1637 2455 ι

14 2487 16 2519 J
50 2482 241 2520 centum
266 2486 411 2529 annos
443 2469 597 2519 fuisse.
667 2471 787 2519 Mihi
802 2483 965 2540 'autem
987 2470 1047 2518 de
1069 2467 1295 2518 vocabulo
1318 2482 1476 2532 pugna
1495 2480 1593 2513 non

43 2649 197 2695 etlene,
215 2655 252 2687 et
269 2649 469 2700 speciosum
488 2649 634 2687 dicendi
647 2663 781 2701 genus.-
860 2649 924 2687 Ad
952 2654 1122 2699 posteros
1157 2647 1252 2684 enim
1282 2644 1404 2683 virtus
1428 2641 1593 2685 durabit,

19 2744 22 2747 ,
21 2708 170 2742 tanta.
180 2705 387 2750 verborum,
402 2703 513 2742 etiam
533 2717 612 2753 quae
623 2709 786 2741 assumta
860 2717 933 2742 non
947 2702 1139 2753 perveniet
1158 2699 1315 2739 invidia.

23 2800 25 2802 ¹
52 2762 155 2801 sunt,
168 2757 405 2807 proprietas.-
436 2762 545 2794 tanta
573 2757 610 2793 in
642 2757 788 2806 quibus·
915 2754 996 2793 ²A
1017 2756 1153 2794 veste-ie
1173 2750 1413 2804 philosophis.
1441 2749 1593 2788 Acade-

18 2835 24 2858 3
54 2811 194 2848 damea:
204 2810 373 2862 periculo
382 2810 512 2860 petitis
520 2810 787 2861 sigttificwztia.
865 2810 974 2848 micis
990 2809 1151 2847 scilicet.

19 2864 21 2867 ’
915 2861 931 2883 ³
962 2863 1078 2901 Ratio
1100 2868 1314 2912 temporum.
1358 2858 1490 2904 Quam
1508 2856 1595 2895 vide

14 2915 18 2933 ³
110 2914 124 2932 ¹
170 2915 331 2954 Diduri
373 2916 464 2955 sint.
521 2916 643 2955 Recte
690 2915 787 2954 enim
863 2930 979 2969 supra
996 2930 1083 2967 cap.
1106 2921 1167 2959 17,

14 2969 336 3018 „stnnhanus
366 2970 630 3041 bytinOrat.
662 2975 789 3009 111.1.

0 3033 96 3236 ἑ
