1768 3236
98 176 138 216 J.
157 174 285 214 042.

545 168 692 208 LIBRI
723 165 868 207 NONI
897 166 1219 207 ANNALIUM.

93 272 443 327 substructionis
476 271 788 331 miraculum,¹
821 270 938 320 cum
972 270 1136 330 navis,²
1169 269 1380 321 omnium
1417 269 1637 335 maxima,

97 354 192 420 qufi
228 353 367 403 Caius
399 350 671 410 obeliscum,
705 349 786 415 qui
818 349 868 397 in
900 347 1124 398 Vaticano
1163 348 1304 398 Circo
1319 352 1333 379 ³
1368 349 1561 411 visitur‚-
1578 369 1641 402 ex

96 433 306 497 AEgypto
327 430 670 494 importaverat,
703 428 851 476 tribus
872 427 1075 474 molibus
1107 426 1307 474 turrium
1335 427 1573 478 altitudine
1594 428 1643 479 in

93 507 149 557 ea
171 507 464 556 exaedificatis
484 507 740 555 Puteolano
761 506 992 570 pulvere‚⁴
1012 505 1224 553 demersa
1240 515 1326 563 est,
1349 517 1400 553 ut
1422 506 1638 566 Pharus,⁵

93 585 400 634 Alexandrini
422 584 636 644 aemulus,
669 594 1074 649 superponeretur.

1142 583 1315 631 Tantas
1336 582 1455 631 inter
1476 599 1652 647 operas.

93 660 191 711 fors
203 662 370 712 obtulit
381 663 713 727 spectaculum,
719 662 902 712 raritate
914 673 960 711 et
973 660 1236 711 celebritate
1249 656 1640 711 memorandum.⁶

97 841 168 869 aaa
180 841 289 906 peltago
308 843 443 867 currunt
454 841 562 873 medio,
579 839 724 876 longeque
743 843 834 869 relin-

133 887 220 913 quun

97 918 236 946 Italiam.
273 919 342 945 Non
352 921 394 945 sic
407 920 506 954 igitur
517 919 667 947 mirabere
676 924 795 955 portus,

101 959 179 986 Quos
189 961 309 985 natura
319 959 417 985 dedit.

83 1056 90 1060 “
150 1050 165 1068 ⁸
195 1051 440 1090 Miracalum.
497 1052 589 1099 Dio,
608 1052 705 1090 ibid.
741 1052 835 1090 Sue-

98 1110 178 1143 ton.
196 1106 236 1142 in
254 1105 394 1143 Claud.
415 1118 492 1144 xx.
539 1107 699 1145 Portum
721 1106 836 1144 Ostiae

96 1159 293 1200 exstruxit,
311 1159 561 1199 circumducto
580 1159 714 1198 dextrd
726 1159 835 1197 sinis-

96 1212 230 1263 traque
274 1213 436 1259 brachio,
464 1219 502 1251 et
546 1214 597 1251 ad
638 1214 835 1252 introitum

92 1267 281 1318 profan-do
302 1269 390 1318 jam
424 1267 502 1305 solo
534 1268 627 1306 mole
658 1266 805 1318 olgjectd
819 1282 832 1306 :

96 1333 204 1371 quam
222 1320 291 1371 qub
306 1320 479 1359 stabilius
481 1321 686 1372 fundaret,
708 1334 835 1360 navem

95 1374 183 1412 ante
210 1374 395 1419 demersit,
423 1373 496 1425 qud
523 1388 678 1426 magnus
709 1375 838 1413 obelis-

96 1441 162 1467 cus
195 1434 243 1466 εἰ
271 1429 439 1479 AEgypto
469 1428 611 1481 fuerat
645 1429 835 1475 advectus,

96 1481 351 1532 congestisque
363 1482 453 1532 pilis
475 1482 710 1532 superposuit
730 1483 837 1521 altis·
855 1516 863 1521 ,

94 1537 223 1573 simam
243 1535 379 1573 turrim
399 1535 438 1572 in
457 1536 655 1586 exemplum
673 1536 836 1574 Aleoean·

95 1588 199 1627 drini
218 1588 349 1626 Phari.
376 1594 419 1627 ut
436 1591 486 1628 ad
501 1596 703 1627 nocturnos
731 1590 836 1641 ignes

98 1655 246 1683 cursum
262 1642 415 1694 navigia
433 1643 654 1695 dirigerent.

152 1693 172 1711 ²
205 1696 344 1734 Navis.
401 1695 514 1734 Illam
549 1697 697 1748 egregie
733 1709 837 1735 com-

98 1750 252 1788 mendat
284 1750 446 1795 Plinius,
476 1763 568 1789 xvr.
599 1754 664 1788 40.
721 1750 836 1789 Abies

96 1803 356 1855 admirationis
378 1805 574 1854 proecipuoe
601 1805 681 1842 visa
710 1810 765 1842 est
798 1804 857 1843 in*

96 1857 199 1902 navi,
216 1856 295 1908 ᾳιιιε
313 1870 356 1895 ex
372 1858 538 1918 AEgypto
558 1856 642 1895 Caii
630 1858 838 1908 principis

83 1913 215 1963 jussu,
244 1911 437 1949 obeliscum
465 1912 503 1948 in
525 1911 708 1950 Vaticano
738 1911 838 1950 circo

72 2012 74 2015 Α
95 1969 292 2010 statutum,
320 1972 550 2017 quatuorque
575 1971 726 2003 truncos
745 1966 839 2016 lapi-

96 2018 156 2056 dis
191 2019 350 2069 ejusdem
385 2020 434 2056 ad
466 2020 720 2057 sustinendum
758 2033 838 2057 eum

96 2072 279 2110 adduxit:
310 2071 383 2122 qud
408 2086 501 2113 nave
523 2072 618 2111 nihil
639 2073 838 2111 admirabi-

96 2125 170 2163 lius
204 2125 322 2164 visum
357 2126 396 2163 in
431 2127 527 2164 mari
570 2132 711 2164 certum
752 2133 835 2165 est:

100 2183 190 2225 120,
192 2183 283 2217 000.
303 2178 463 2217 modium
483 2180 594 2218 lentis
619 2193 689 2230 pro
707 2181 838 2218 sabur-

95 2231 144 2271 τά
177 2233 212 2270 ei
235 2232 367 2283 fuere.
422 2233 639 2286 Longitudo
673 2234 836 2284 spatium

96 2286 258 2325 obtinuit
282 2284 419 2338 magna
447 2301 491 2326 ex
514 2294 624 2338 parte
655 2287 837 2326 Ostiensis

89 2337 228 2391 portus
267 2340 386 2377 latere
420 2341 525 2379 loevo.
580 2342 643 2379 Ibi
684 2355 838 2392 namque

96 2393 262 2431 demersa
279 2399 335 2430 est
346 2394 370 2431 ὰ
385 2392 541 2433 Claudio
556 2395 740 2445 principe,
757 2408 838 2433 cum

96 2448 219 2486 tribus
245 2447 414 2492 molibus,
447 2449 609 2487 turrium
638 2449 840 2487 altitudine

95 2501 136 2539 in
164 2500 208 2539 ed
231 2501 469 2549 exaedificatis
495 2503 615 2541 obiter
633 2503 839 2540 Puteolano

89 2554 258 2605 pulvere,
282 2554 533 2606 advectisque.
578 2556 740 2594 Arboris
759 2558 840 2607 <jus

95 2608 307 2647 crassitudo
335 2614 497 2658 quatuor
521 2610 702 2647 hominum
730 2611 838 2648 ulnas

96 2662 414 2711 complectentium
455 2663 642 2714 implebat.
699 2664 838 2701 Paucis

97 2715 230 2752 eadem
257 2715 392 2766 repetit
419 2716 582 2764 Plinius,
611 2729 771 2756 xxxvx.
795 2722 836 2763 9.

96 2780 137 2807 ιι.
155 2772 194 2806 4.

150 2818 167 2842 ³
196 2822 247 2860 In
269 2823 453 2863 Vaticano
478 2824 633 2863 circo.
660 2825 723 2864 De
751 2825 837 2864 Cir-

950 837 971 861 *
997 841 1205 879 Puteolano
1219 839 1386 890 pulvere.
1430 838 1636 887 Hodieque

903 894 1122 945 appellatur
1139 895 1374 933 Pozzolana:
1404 905 1540 930 nomen
1568 892 1641 930 du-

903 949 958 987 cit
1000 948 1024 986 ὲ
1065 948 1248 994 Puteolis,
1292 958 1395 984 nunc
1441 946 1639 993 Pvzzuolo,

903 1003 997 1040 urbe
1035 1002 1202 1052 Neapoli
1241 999 1381 1039 vicina.
1438 1000 1639 1039 Puteolani

904 1055 1070 1106 pulveris
1115 1055 1198 1093 haec
1232 1061 1287 1093 est
1317 1061 1469 1100 natura,
1517 1061 1559 1092 ut
1607 1053 1641 1091 si

903 1123 1045 1160 aquam
1064 1109 1238 1159 attingat,
1265 1121 1402 1146 saxum
1424 1107 1503 1145 fiat.
1559 1107 1642 1145 Un-

907 1164 954 1200 de
974 1163 1134 1209 Plinius,
1152 1175 1291 1200 xxxv.
1315 1166 1377 1200 13.
1434 1160 1529 1207 Quis
1547 1160 1642 1198 enim

901 1216 995 1255 satis
1027 1217 1186 1255 miretur
1212 1216 1403 1266 pessimam
1425 1217 1506 1266 ejus
1532 1219 1641 1254 terrae

898 1277 1060 1321 partem,
1086 1271 1238 1321 ideoque
1262 1270 1452 1319 pulverem
1480 1269 1646 1319 appella-

904 1330 981 1362 tum
1010 1325 1048 1362 in
1068 1324 1286 1362 Puteolanis
1314 1323 1480 1367 collibus,
1508 1321 1643 1373 opponi

905 1378 1019 1416 maris
1031 1378 1243 1428 fluctibus:
1273 1389 1499 1426 mersumque
1522 1375 1645 1426 proti·

904 1446 974 1470 nus
988 1433 1087 1482 fieri
1104 1431 1272 1482 ‘lapidem
1290 1444 1400 1469 unum
1417 1430 1646 1480 inexpugna-

904 1486 1010 1524 bilem
1036 1485 1158 1533 undis,
1186 1491 1223 1523 et
1233 1484 1443 1534 fortiorem
1467 1483 1646 1534 quotidie,

904 1538 1072 1590 utiquesi
1079 1538 1241 1577 Cumano
1248 1540 1448 1576 misceatur
1458 1543 1646 1575 coemento.

958 1591 974 1614 ⁵
1004 1593 1169 1631 Pharus.
1227 1592 1365 1634 Locus,
1396 1590 1462 1629 ubi
1493 1590 1564 1628 fuit
1590 1592 1644 1629 Α-

905 1646 1113 1684 lexandriae
1132 1647 1292 1691 Pharus,
1320 1646 1448 1683 adhuc
1482 1651 1643 1686 vocatur

912 1700 1033 1739 Torre
1048 1700 1332 1738 Alessandrina.
1390 1699 1549 1744 Quanta
1564 1698 1647 1736 fue·

907 1754 957 1792 rit
984 1762 1066 1792 tum
1086 1754 1283 1799 Ostiensis,
1313 1764 1394 1792 tum
1417 1752 1644 1790 Alexandri-

907 1808 946 1845 ni
970 1808 1080 1859 phari
1106 1808 1400 1858 magnificentia,
1419 1807 1517 1855 ‘inde
1548 1806 1646 1844 aesti-

907 1874 1010 1899 mare
1043 1862 1148 1908 licet,
1190 1862 1296 1912 quod
1327 1863 1367 1900 in
1398 1860 1644 1898 Alexandriae

906 1915 1027 1965 pharo
1055 1916 1169 1954 fuerit
1199 1916 1327 1962 turris,
1354 1927 1442 1965 quae
1474 1914 1645 1952 constitit

903 1970 1131 2020 octingentis
1141 1969 1304 2012 talentis,
1315 1969 1432 2019 Angl.
1445 1968 1644 2015 180‚oool.

900 2028 992 2062 teste
1012 2023 1152 2070 Plinio,
1182 2035 1342 2060 xxxw.
1364 2026 1425 2060 12.

953 2073 973 2094 ⁶
1039 2077 1340 2115 IVIemorandum.
1431 2075 1643 2115 Historiam

899 2136 1029 2169 narrat
1061 2131 1222 2176 Plinius,
1250 2143 1314 2168 xx.
1350 2127 1390 2167 6.
1423 2130 1526 2167 testis
1561 2129 1643 2182 ipse

901 2185 1094 2223 oculatus.
1150 2184 1252 2222 Orca
1278 2189 1316 2221 et
1339 2184 1377 2220 in
1410 2188 1524 2233 portu
1542 2182 1646 2222 Osti-

902 2240 981 2277 ensi
1007 2239 1089 2276 visa
1113 2243 1183 2283 est,
1210 2242 1425 2289 oppugnata
1444 2237 1468 2275 ὰ
1486 2235 1646 2275 Claudio

897 2292 1080 2342 principe.
1149 2291 1313 2329 Venerat
1340 2297 1429 2329 tunc
1456 2303 1501 2328 ea·
1532 2291 1649 2342 ‹edifi-

903 2352 1011 2384 cante
1034 2359 1075 2383 eo
1102 2350 1269 2396 portum,
1297 2345 1459 2383 invitata
1489 2345 1646 2391 naufra-

899 2400 977 2450 giis
995 2405 1186 2450 tergorum
1205 2399 1442 2437 advectorum
1459 2398 1478 2435 ὲ
1499 2397 1646 2445 Gallia,

903 2454 1117 2503 satiansque
1149 2466 1188 2491 se
1214 2465 1284 2503 per
1319 2452 1524 2501 complures
1558 2453 1649 2499 dies,

905 2507 1049 2546 alveum
1067 2506 1106 2544 in
1123 2507 1220 2544 vado
1237 2505 1464 2552 sulcaverat,
1481 2519 1650 2546 accumu-

904 2560 985 2598 lata
987 2560 1175 2611 fluctibus
1191 2560 1229 2597 in
1251 2565 1410 2606 tantum,
1430 2565 1474 2598 ut
1492 2560 1650 2598 circum-

905 2614 970 2665 agi
993 2614 1095 2652 nullo
1113 2614 1220 2651 modo
1246 2618 1371 2663 posset
1385 2628 1398 2651 .·
1429 2619 1467 2651 et
1486 2614 1570 2650 dum
1589 2627 1651 2651 sa-

901 2668 1032 2717 ginam
1056 2667 1308 2718 persequitur,
1336 2667 1375 2704 in
1394 2667 1504 2705 littus
1511 2666 1650 2717 flucti-

907 2721 973 2758 bus
996 2722 1188 2771 propulsa,
1216 2722 1393 2758 emineret
1424 2721 1533 2758 dorso
1558 2719 1651 2758 mul-

905 2774 985 2812 tum
1003 2787 1117 2824 supra
1138 2787 1253 2825 aquas
1275 2774 1413 2812 carinae
1431 2773 1511 2812 vice
1527 2774 1651 2811 inver-

905 2840 970 2865 soe
1024 2827 1347 2879 Praetendijussit
1364 2826 1489 2865 Coesar
1511 2827 1650 2877 plagae

96 2888 144 2914 eo
170 2883 210 2914 et
240 2876 407 2922 obelisco
442 2879 593 2918 dictum
628 2885 684 2919 est
717 2892 835 2932 supra
906 2881 1129 2931 multiplices
1156 2882 1257 2919 inter
1274 2894 1342 2919 ora
1366 2877 1532 2932 portas:
1557 2893 1649 2930 pro-

99 2929 442 2970 Annal.xw.14.

891 2933 1129 2986 sectusque
1113 2948 1192 2987 ipse
1209 2948 1290 2975 cam
1313 2932 1558 2987 pretorianis
1588 2945 1650 2973 co-

1557 170 1635 212 :381
1698 207 1702 213 „
