1768 3236
442 186 725 227 DIALOGUS
757 185 833 224 DE
861 185 1230 227 ORATORIBUS.
1532 195 1612 234 185,

68 293 211 345 civilis
263 290 514 342 scientiam-
529 298 744 339 -'veteres'
777 298 982 337 oratores
1037 292 1507 353 comprehendebant,
1563 304 1620 341 et=

1 413 4 416 Δ
66 368 382 438 grammatici,
415 367 608 427 musica,
642 379 687 415 et
709 366 964 432 geometria
987 366 1326 416 imbuebantur.
1396 370 1612 418 Incidunt

66 450 191 498 enim
213 464 361 497 causae
378 446 591 511 plurimae
614 445 819 510 quidem,
853 461 906 492 ac
929 443 1063 508 paene
1096 461 1274 502 omnes,
1309 446 1475 509 quibus
1494 444 1630 512 jurisv

65 526 223 575 notitia
246 525 555 573 desideratur:
592 523 826 586 pleraeque
848 532 1043 580 autem,
1054 520 1101 568 in
1135 522 1303 585 quibus
1325 522 1399 570 hae
1423 542 1610 620 quoque
1644 577 1650 582 ,

68 603 268 652 scientiae
290 602 602 667 requiruntur.

76 791 79 795 ›
135 766 214 806 32.
248 759 363 806 NEC
404 756 649 821 quisquam
686 754 961 818 respondeat
997 753 1205 802 sufficere
1245 765 1296 801 ut
1334 756 1392 803 ad
1428 766 1610 820 tempus

63 835 261 900 simplex
297 835 516 900 quiddam
535 836 547 855 ¹
572 845 616 881 et
648 832 879 880 uniforme
907 833 1171 879 doceamur.
1238 831 1454 880 Primum
1484 834 1608 881 enim

63 914 195 965 aliter
216 911 390 960 utimur
412 911 624 975 propriis,
648 910 776 957 aliter
799 909 1129 957 commodatis:
1167 909 1399 974 longeque
1421 910 1609 958 interes-

64 1009 116 1039 se
137 989 430 1038 manifestum
453 1000 538 1047 est,
565 987 790 1051 possideat
813 987 914 1050 quis
932 1003 1037 1050 quae
1061 985 1254 1050 profert,
1277 1003 1336 1033 an
1354 999 1606 1035 mutuetur.

61 1067 250 1116 Deinde
286 1066 381 1130 ipsa
417 1066 668 1112 multarum
691 1064 857 1111 artium
881 1063 1064 1110 scientia
1099 1064 1235 1110 etiam
1266 1064 1388 1111 aliud
1422 1077 1609 1130 agentes

64 1162 151 1193 nos
184 1157 334 1202 ornat,
376 1156 513 1207 atque
550 1142 628 1190 ubi
667 1140 854 1188 minime
897 1141 1073 1198 credas,
1115 1141 1284 1187 eminet
1323 1153 1368 1188 et
1408 1142 1605 1190 excellit.

66 1223 212 1287 quue
228 1238 330 1269 'non
352 1221 516 1268 doctus
533 1219 677 1266 modo
693 1232 737 1266 et
754 1217 958 1282 prudens
981 1218 1177 1276 auditor,
1202 1220 1281 1266 sed
1304 1219 1438 1265 etiam
1461 1237 1608 1284 popu-

65 1300 137 1348 lus
169 1298 410 1363 intelligit:
447 1315 499 1345 ac
524 1297 673 1344 statim
701 1296 763 1342 ita
797 1296 931 1343 laude
971 1295 1283 1358 prosequitur,
1318 1308 1369 1343 ut
1402 1297 1605 1361 legitime

61 1377 304 1434 studuisse,
339 1388 390 1422 ut
411 1391 495 1438 per
515 1390 677 1420 omnes
708 1372 981 1437 eloquentiae
1016 1389 1237 1420 numeros
1255 1371 1365 1431 isse,
1399 1385 1450 1420 ut
1482 1373 1608 1421 deni-

64 1470 157 1519 que
179 1465 410 1502 oratorem
441 1452 576 1500 etiam
599 1450 822 1498 fateatur:
859 1467 999 1514 quem
1033 1466 1128 1496 non
1151 1467 1284 1513 posse
1307 1449 1436 1497 aliter
1469 1450 1609 1498 exsis-

63 1544 180 1590 tere,
196 1548 282 1579 nec
300 1530 503 1588 extitisse
518 1546 740 1594 umquam
754 1530 1000 1587 confirmo,
1013 1527 1098 1575 nisi
1116 1545 1241 1586 eum,
1259 1527 1354 1592 qui,
1372 1539 1609 1592 tamquam

63 1610 112 1656 in
141 1609 286 1656 aciem
323 1609 538 1655 omnibus
561 1608 698 1656 armis
719 1607 984 1665 instructus,
1019 1607 1080 1654 sic
1116 1606 1163 1652 in
1198 1604 1356 1652 forum
1394 1605 1609 1653 omnibus

63 1687 242 1735 artibus·
271 1698 474 1734 armatus
509 1685 699 1732 exierit:
735 1685 861 1750 quod
900 1685 1020 1732 adei)
1058 1683 1306 1748 negligitur
1344 1683 1401 1730 ab
1437 1683 1608 1731 horum

65 1776 331 1828 temporum
370 1763 564 1821 disertis,
615 1774 666 1810 ut
703 1762 751 1810 in
795 1762 1048 1810 actionibus
1093 1777 1257 1808 eorum
1281 1758 1381 1807 ·fex
1419 1777 1608 1824 quoque

65 1840 317 1906 quotidiani
340 1840 579 1898 sermonis,
597 1838 723 1888 foeda
747 1856 797 1887 ac
822 1839 1039 1903 pudenda
1059 1838 1165 1886 vitia
1187 1837 1609 1901 deprehendantur,

66 1931 118 1968 ut
139 1920 352 1985 ignorent
372 1919 514 1984 leges,
548 1934 644 1964 non
675 1929 857 1964 teneant
887 1915 1294 1974 senatusconsulta,
1322 1917 1398 1979 jus
1422 1914 1610 1962 civitatis

65 1997 190 2045 ultro
211 1996 469 2044 derideant:
495 1994 724 2058 sapientiae
747 1994 861 2042 verb
885 1993 1088 2041 studium
1106 2004 1151 2040 et
1164 2003 1393 2056 praecepta
1408 1992 1608 2058 pruden-

65 2074 183 2122 tium
204 2073 385 2137 penitus
406 2071 724 2131 reformident,
758 2072 806 2119 in
827 2071 1123 2136 paucissimos
1146 2087 1303 2117 sensus
1327 2080 1371 2116 et
1394 2080 1608 2133 angustas

66 2150 308 2200 sententias
346 2151 592 2198 detrudant
630 2148 957 2215 eloquentiam,
1004 2148 1131 2195 velut
1175 2146 1416 2210 expulsam
1460 2162 1608 2210 regno

66 2246 181 2277 suo:
218 2241 270 2276 ut
306 2244 411 2292 quae
451 2227 562 2274 olim
602 2227 812 2275 omnium
855 2227 1021 2274 artium
1067 2225 1253 2274 domina
1296 2223 1609 2287 pulcherrimo
1656 2258 1660 2261 ,

67 2306 284 2373 comitatu
320 2317 506 2369 pectora
543 2304 778 2368 implebat,
812 2321 936 2360 nunc
977 2302 1244 2351 circumcisa
1266 2313 1321 2348 ⁴et
1359 2311 1608 2365 amputata,

66 2383 164 2432 sine
185 2394 420 2447 apparatu,
454 2382 550 2430 sine
572 2383 767 2441 honore,
801 2382 935 2446 paene
959 2380 1155 2430 dixerim
1177 2379 1273 2426 sine
1294 2378 1608 2443 ingenuitate,²

2 2472 4 2474 '
68 2460 215 2525 quasi‘
235 2476 327 2507 una
359 2477 419 2507 ex
453 2459 771 2507 sordidissimis
804 2458 1019 2517 artificiis,
1069 2457 1281 2506 discatur.
1350 2456 1454 2520 Ego
1489 2455 1606 2502 hanc

67 2537 264 2601 primam
287 2548 332 2585 et
354 2536 632 2601 praecipuam
663 2554 847 2585 causam
878 2537 1090 2594 arbitror,
1127 2551 1212 2582 cur
1234 2544 1413 2580 tantum
1434 2533 1491 2580 ab
1515 2532 1606 2579 elo-

68 2614 256 2679 quentia
277 2615 573 2678 antiquorum
602 2626 849 2665 oratorum
861 2613 1196 2662 recesserimus.
1265 2610 1315 2659 Si
1337 2621 1472 2657 testes
1494 2608 1609 2656 desi-

124 2740 137 2757 ¹
180 2741 344 2792 Simplex·
379 2742 564 2792 quiddam.
621 2742 801 2780 Sufficere
874 2740 1282 2790 seruitutiopponitur.
1327 2737 1607 2788 Ingenuiszmt,

67 2803 131 2841 nt,
160 2794 251 2832 cum
277 2805 425 2846 tempus
446 2809 576 2846 resque
596 2797 801 2845 postulant,
875 2797 938 2846 qni
957 2809 1000 2832 er
1019 2796 1137 2832 matre
1169 2791 1286 2830 libeni
1306 2791 1385 2828 nati
1406 2797 1508 2836 sunt,
1536 2791 1608 2827 Di-

68 2848 261 2899 simplicia
277 2849 506 2898 quaedamvt
526 2851 726 2887 uniformia
744 2863 802 2887 ar·
874 2865 932 2900 ge..
940 2859 965 2888 t.
1003 2850 1104 2886 Libr.
1127 2859 1152 2884 ι.
1169 2847 1215 2883 Ἱὶ
1222 2855 1248 2883 t.
1270 2850 1306 2882 5.
1325 2845 1371 2881 de
1396 2819 1508 2881 Staui
1544 2844 1610 2881 ho·

64 2903 168 2941 dum
189 2903 375 2954 principia
394 2903 418 2940 ὲ
436 2904 564 2953 peritis
585 2904 802 2942 doceamur.
878 2903 1266 2950 1niuu1n.ch..3.ex
1294 2897 1504 2935 Marciano.

124 2953 143 2971 ²
169 2955 259 2996 Sine
282 2956 529 3008 ingenuitate.
587 2957 805 3008 Ingenuitas
