<?xml version="1.0" encoding="UTF-8"?>
<!DOCTYPE html PUBLIC "-//W3C//DTD XHTML 1.0 Transitional//EN"
    "http://www.w3.org/TR/xhtml1/DTD/xhtml1-transitional.dtd">
<html xmlns="http://www.w3.org/1999/xhtml" xml:lang="en" lang="en">
 <head>
  <title>
</title>
<meta http-equiv="Content-Type" content="text/html;charset=utf-8" />
  <meta name='ocr-system' content='tesseract 3.04.00' />
  <meta name='ocr-capabilities' content='ocr_page ocr_carea ocr_par ocr_line ocrx_word'/>
</head>
<body>
  <div class='ocr_page' id='page_1' title='image "./operarecognovite04taciuoft_0404.png"; bbox 0 0 1768 3236; ppageno 0'>
   <div class='ocr_carea' id='block_1_1' title="bbox 151 184 1696 238">
    <p class='ocr_par' dir='ltr' id='par_1_1' title="bbox 151 184 1696 238">
     <span class='ocr_line' id='line_1_1' title="bbox 151 184 1696 238; baseline 0.008 -20"><span class='ocrx_word' id='word_1_1' title='bbox 151 192 232 235; x_wconf 80' lang='lat'><strong>394</strong></span> <span class='ocrx_word' id='word_1_2' title='bbox 280 212 285 218; x_wconf 56' lang='lat'><strong>.</strong></span> <span class='ocrx_word' id='word_1_3' title='bbox 681 184 1135 225; x_wconf 89' lang='lat' dir='ltr'><strong>SUPPLEMENTUM</strong></span> <span class='ocrx_word' id='word_1_4' title='bbox 1407 190 1461 229; x_wconf 73' lang='lat' dir='ltr'><strong>A.</strong></span> <span class='ocrx_word' id='word_1_5' title='bbox 1474 190 1523 229; x_wconf 90' lang='lat' dir='ltr'><strong>U.</strong></span> <span class='ocrx_word' id='word_1_6' title='bbox 1538 191 1586 230; x_wconf 89' lang='lat' dir='ltr'><strong>C.</strong></span> <span class='ocrx_word' id='word_1_7' title='bbox 1603 190 1696 238; x_wconf 67' lang='lat'><strong>790.</strong></span> 
     </span>
    </p>
   </div>
   <div class='ocr_carea' id='block_1_2' title="bbox 142 289 1695 513">
    <p class='ocr_par' dir='ltr' id='par_1_2' title="bbox 142 289 1695 513">
     <span class='ocr_line' id='line_1_2' title="bbox 142 289 1695 366; baseline -0.004 -21"><span class='ocrx_word' id='word_1_8' title='bbox 142 293 428 366; x_wconf 15' lang='lat' dir='ltr'><strong>*tuabanturf</strong></span> <span class='ocrx_word' id='word_1_9' title='bbox 463 291 622 355; x_wconf 85' lang='lat' dir='ltr'><strong>Itaque</strong></span> <span class='ocrx_word' id='word_1_10' title='bbox 637 291 793 356; x_wconf 89' lang='lat' dir='ltr'><strong>jussus</strong></span> <span class='ocrx_word' id='word_1_11' title='bbox 817 301 886 338; x_wconf 90' lang='lat' dir='ltr'><strong>est</strong></span> <span class='ocrx_word' id='word_1_12' title='bbox 902 290 1057 354; x_wconf 84' lang='lat' dir='ltr'><strong>Aulus</strong></span> <span class='ocrx_word' id='word_1_13' title='bbox 1079 289 1303 339; x_wconf 87' lang='lat' dir='ltr'><strong>Plautius²</strong></span> <span class='ocrx_word' id='word_1_14' title='bbox 1321 289 1350 340; x_wconf 79' lang='grc' dir='ltr'>ὲ</span> <span class='ocrx_word' id='word_1_15' title='bbox 1368 293 1538 347; x_wconf 56' lang='lat' dir='ltr'><strong>anllizi,3</strong></span> <span class='ocrx_word' id='word_1_16' title='bbox 1562 310 1695 346; x_wconf 77' lang='lat' dir='ltr'><strong>exer..</strong></span> 
     </span>
     <span class='ocr_line' id='line_1_3' title="bbox 148 368 1693 437; baseline 0.001 -15"><span class='ocrx_word' id='word_1_17' title='bbox 148 372 293 428; x_wconf 85' lang='lat' dir='ltr'><strong>citum</strong></span> <span class='ocrx_word' id='word_1_18' title='bbox 314 370 363 418; x_wconf 94' lang='lat' dir='ltr'><strong>in</strong></span> <span class='ocrx_word' id='word_1_19' title='bbox 393 368 677 418; x_wconf 85' lang='lat' dir='ltr'><strong>Britanniam</strong></span> <span class='ocrx_word' id='word_1_20' title='bbox 716 368 1041 427; x_wconf 86' lang='lat' dir='ltr'><strong>transmittere,</strong></span> <span class='ocrx_word' id='word_1_21' title='bbox 1075 369 1190 418; x_wconf 89' lang='lat' dir='ltr'><strong>dum</strong></span> <span class='ocrx_word' id='word_1_22' title='bbox 1227 371 1386 419; x_wconf 84' lang='lat' dir='ltr'><strong>Caesar</strong></span> <span class='ocrx_word' id='word_1_23' title='bbox 1425 371 1693 437; x_wconf 73' lang='lat' dir='ltr'><strong>elephantes</strong></span> 
     </span>
     <span class='ocr_line' id='line_1_4' title="bbox 146 447 1099 513; baseline -0.008 -12"><span class='ocrx_word' id='word_1_24' title='bbox 146 461 392 513; x_wconf 82' lang='lat' dir='ltr'><strong>ceteraque</strong></span> <span class='ocrx_word' id='word_1_25' title='bbox 413 447 646 497; x_wconf 88' lang='lat' dir='ltr'><strong>bellorum</strong></span> <span class='ocrx_word' id='word_1_26' title='bbox 667 447 884 498; x_wconf 89' lang='lat' dir='ltr'><strong>terricula</strong></span> <span class='ocrx_word' id='word_1_27' title='bbox 905 457 1099 512; x_wconf 89' lang='lat' dir='ltr'><strong>pararet.</strong></span> 
     </span>
    </p>
   </div>
   <div class='ocr_carea' id='block_1_3' title="bbox 103 597 1719 1604">
    <p class='ocr_par' dir='ltr' id='par_1_3' title="bbox 103 597 1719 1604">
     <span class='ocr_line' id='line_1_5' title="bbox 214 597 1695 671; baseline 0.003 -19"><span class='ocrx_word' id='word_1_28' title='bbox 214 611 297 653; x_wconf 86' lang='lat'><strong>51.</strong></span> <span class='ocrx_word' id='word_1_29' title='bbox 332 605 416 652; x_wconf 84' lang='lat' dir='ltr'><strong>AT</strong></span> <span class='ocrx_word' id='word_1_30' title='bbox 436 602 658 668; x_wconf 86' lang='lat' dir='ltr'><strong>legiones,</strong></span> <span class='ocrx_word' id='word_1_31' title='bbox 680 619 840 671; x_wconf 85' lang='lat' dir='ltr'><strong>secum</strong></span> <span class='ocrx_word' id='word_1_32' title='bbox 856 613 1120 666; x_wconf 88' lang='lat' dir='ltr'><strong>reputantes</strong></span> <span class='ocrx_word' id='word_1_33' title='bbox 1138 603 1358 667; x_wconf 85' lang='lat' dir='ltr'><strong>quantula</strong></span> <span class='ocrx_word' id='word_1_34' title='bbox 1389 604 1453 654; x_wconf 89' lang='lat' dir='ltr'><strong>D.</strong></span> <span class='ocrx_word' id='word_1_35' title='bbox 1479 602 1627 654; x_wconf 79' lang='lat' dir='ltr'><strong>Julius</strong></span> <span class='ocrx_word' id='word_1_36' title='bbox 1642 597 1695 657; x_wconf 80' lang='lat' dir='ltr'><strong>in</strong></span> 
     </span>
     <span class='ocr_line' id='line_1_6' title="bbox 126 678 1719 746; baseline 0 -15"><span class='ocrx_word' id='word_1_37' title='bbox 126 680 385 734; x_wconf 66' lang='lat' dir='ltr'><strong>-Britannia</strong></span> <span class='ocrx_word' id='word_1_38' title='bbox 424 680 651 746; x_wconf 85' lang='lat' dir='ltr'><strong>gessisset,</strong></span> <span class='ocrx_word' id='word_1_39' title='bbox 686 678 831 744; x_wconf 71' lang='lat' dir='ltr'><strong>quam</strong></span> <span class='ocrx_word' id='word_1_40' title='bbox 854 680 953 728; x_wconf 89' lang='lat' dir='ltr'><strong>dira</strong></span> <span class='ocrx_word' id='word_1_41' title='bbox 991 687 1243 743; x_wconf 76' lang='lat' dir='ltr'><strong>perpessus·</strong></span> <span class='ocrx_word' id='word_1_42' title='bbox 1274 692 1391 729; x_wconf 89' lang='lat' dir='ltr'><strong>esset</strong></span> <span class='ocrx_word' id='word_1_43' title='bbox 1433 682 1482 729; x_wconf 92' lang='lat' dir='ltr'><strong>in</strong></span> <span class='ocrx_word' id='word_1_44' title='bbox 1501 684 1719 734; x_wconf 82' lang='lat' dir='ltr'><strong>Oceano·</strong></span> 
     </span>
     <span class='ocr_line' id='line_1_7' title="bbox 149 758 1701 824; baseline -0.004 -14"><span class='ocrx_word' id='word_1_45' title='bbox 149 759 477 817; x_wconf 84' lang='lat' dir='ltr'><strong>Germanicus,</strong></span> <span class='ocrx_word' id='word_1_46' title='bbox 501 758 731 806; x_wconf 86' lang='lat' dir='ltr'><strong>exoticam</strong></span> <span class='ocrx_word' id='word_1_47' title='bbox 748 769 793 806; x_wconf 93' lang='lat' dir='ltr'><strong>et</strong></span> <span class='ocrx_word' id='word_1_48' title='bbox 811 758 931 806; x_wconf 86' lang='lat' dir='ltr'><strong>ultra</strong></span> <span class='ocrx_word' id='word_1_49' title='bbox 954 768 1183 806; x_wconf 87' lang='lat' dir='ltr'><strong>terrarum</strong></span> <span class='ocrx_word' id='word_1_50' title='bbox 1205 759 1321 806; x_wconf 88' lang='lat' dir='ltr'><strong>fines</strong></span> <span class='ocrx_word' id='word_1_51' title='bbox 1344 758 1568 818; x_wconf 87' lang='lat' dir='ltr'><strong>militiam,</strong></span> <span class='ocrx_word' id='word_1_52' title='bbox 1597 760 1701 824; x_wconf 67' lang='lat' dir='ltr'><strong>ple-⁴</strong></span> 
     </span>
     <span class='ocr_line' id='line_1_8' title="bbox 141 836 1702 900; baseline -0.003 -12"><span class='ocrx_word' id='word_1_53' title='bbox 141 854 254 897; x_wconf 16' lang='lat' dir='ltr'><strong>ynam</strong></span> <span class='ocrx_word' id='word_1_54' title='bbox 271 836 560 895; x_wconf 87' lang='lat' dir='ltr'><strong>discriminis,</strong></span> <span class='ocrx_word' id='word_1_55' title='bbox 584 836 958 895; x_wconf 20' lang='lat' dir='ltr'><strong>laudislvacuam,</strong></span> <span class='ocrx_word' id='word_1_56' title='bbox 972 837 1347 900; x_wconf 82' lang='lat' dir='ltr'><strong>aspernabantur.</strong></span> <span class='ocrx_word' id='word_1_57' title='bbox 1383 836 1702 896; x_wconf 60' lang='lat' dir='ltr'><strong>Plautius,vir-2</strong></span> 
     </span>
     <span class='ocr_line' id='line_1_9' title="bbox 144 904 1692 980; baseline -0.001 -15"><span class='ocrx_word' id='word_1_58' title='bbox 144 916 269 965; x_wconf 91' lang='lat' dir='ltr'><strong>bello</strong></span> <span class='ocrx_word' id='word_1_59' title='bbox 287 914 518 980; x_wconf 89' lang='lat' dir='ltr'><strong>egregius,</strong></span> <span class='ocrx_word' id='word_1_60' title='bbox 541 904 806 979; x_wconf 76' lang='lat' dir='ltr'><strong>gnarusque</strong></span> <span class='ocrx_word' id='word_1_61' title='bbox 829 914 994 961; x_wconf 90' lang='lat' dir='ltr'><strong>milites</strong></span> <span class='ocrx_word' id='word_1_62' title='bbox 1028 912 1200 961; x_wconf 87' lang='lat' dir='ltr'><strong>frustra</strong></span> <span class='ocrx_word' id='word_1_63' title='bbox 1231 914 1290 960; x_wconf 88' lang='lat' dir='ltr'><strong>ad</strong></span> <span class='ocrx_word' id='word_1_64' title='bbox 1308 913 1465 962; x_wconf 86' lang='lat' dir='ltr'><strong>odiosa</strong></span> <span class='ocrx_word' id='word_1_65' title='bbox 1498 913 1692 979; x_wconf 77' lang='lat' dir='ltr'><strong>impelli,</strong></span> 
     </span>
     <span class='ocr_line' id='line_1_10' title="bbox 144 990 1687 1056; baseline -0.002 -13"><span class='ocrx_word' id='word_1_66' title='bbox 144 1012 224 1043; x_wconf 87' lang='lat' dir='ltr'><strong>eos</strong></span> <span class='ocrx_word' id='word_1_67' title='bbox 260 994 520 1042; x_wconf 88' lang='lat' dir='ltr'><strong>cunctando</strong></span> <span class='ocrx_word' id='word_1_68' title='bbox 565 994 635 1040; x_wconf 85' lang='lat' dir='ltr'><strong>ad</strong></span> <span class='ocrx_word' id='word_1_69' title='bbox 663 1009 793 1056; x_wconf 91' lang='lat' dir='ltr'><strong>spem</strong></span> <span class='ocrx_word' id='word_1_70' title='bbox 828 1008 1130 1056; x_wconf 89' lang='lat' dir='ltr'><strong>amoremque</strong></span> <span class='ocrx_word' id='word_1_71' title='bbox 1169 990 1377 1040; x_wconf 87' lang='lat' dir='ltr'><strong>victoriae</strong></span> <span class='ocrx_word' id='word_1_72' title='bbox 1417 992 1687 1040; x_wconf 88' lang='lat' dir='ltr'><strong>adducebat.</strong></span> 
     </span>
     <span class='ocr_line' id='line_1_11' title="bbox 103 1057 1694 1134; baseline -0.003 -13"><span class='ocrx_word' id='word_1_73' title='bbox 103 1128 105 1130; x_wconf 39' lang='grc'>,</span> <span class='ocrx_word' id='word_1_74' title='bbox 146 1073 322 1130; x_wconf 80' lang='lat' dir='ltr'><strong>Caesar,</strong></span> <span class='ocrx_word' id='word_1_75' title='bbox 368 1086 607 1118; x_wconf 90' lang='lat' dir='ltr'><strong>morarum</strong></span> <span class='ocrx_word' id='word_1_76' title='bbox 651 1069 908 1134; x_wconf 87' lang='lat' dir='ltr'><strong>impatiens,</strong></span> <span class='ocrx_word' id='word_1_77' title='bbox 946 1057 1218 1117; x_wconf 83' lang='lat' dir='ltr'><strong>Narcissum</strong></span> <span class='ocrx_word' id='word_1_78' title='bbox 1262 1068 1437 1128; x_wconf 78' lang='lat' dir='ltr'><strong>mittit,4</strong></span> <span class='ocrx_word' id='word_1_79' title='bbox 1480 1069 1560 1134; x_wconf 92' lang='lat' dir='ltr'><strong>qui</strong></span> <span class='ocrx_word' id='word_1_80' title='bbox 1591 1085 1694 1122; x_wconf 87' lang='lat' dir='ltr'><strong>rem</strong></span> 
     </span>
     <span class='ocr_line' id='line_1_12' title="bbox 143 1145 1693 1214; baseline -0.001 -17"><span class='ocrx_word' id='word_1_81' title='bbox 143 1150 435 1213; x_wconf 88' lang='lat' dir='ltr'><strong>deproperet.</strong></span> <span class='ocrx_word' id='word_1_82' title='bbox 471 1150 532 1207; x_wconf 93' lang='lat' dir='ltr'><strong>Is,</strong></span> <span class='ocrx_word' id='word_1_83' title='bbox 546 1165 790 1212; x_wconf 91' lang='lat' dir='ltr'><strong>personam</strong></span> <span class='ocrx_word' id='word_1_84' title='bbox 804 1151 1002 1214; x_wconf 89' lang='lat' dir='ltr'><strong>juraque</strong></span> <span class='ocrx_word' id='word_1_85' title='bbox 1015 1146 1238 1211; x_wconf 90' lang='lat' dir='ltr'><strong>Principis</strong></span> <span class='ocrx_word' id='word_1_86' title='bbox 1252 1147 1300 1194; x_wconf 89' lang='lat' dir='ltr'><strong>in</strong></span> <span class='ocrx_word' id='word_1_87' title='bbox 1313 1148 1448 1195; x_wconf 91' lang='lat' dir='ltr'><strong>Urbe</strong></span> <span class='ocrx_word' id='word_1_88' title='bbox 1470 1145 1693 1211; x_wconf 68' lang='lat' dir='ltr'><strong>usurpare</strong></span> 
     </span>
     <span class='ocr_line' id='line_1_13' title="bbox 143 1220 1693 1289; baseline -0.002 -13"><span class='ocrx_word' id='word_1_89' title='bbox 143 1227 318 1286; x_wconf 88' lang='lat' dir='ltr'><strong>solitus,</strong></span> <span class='ocrx_word' id='word_1_90' title='bbox 367 1226 533 1274; x_wconf 91' lang='lat' dir='ltr'><strong>Plautii</strong></span> <span class='ocrx_word' id='word_1_91' title='bbox 579 1220 794 1275; x_wconf 65' lang='lat' dir='ltr'><strong>¹tribunal</strong></span> <span class='ocrx_word' id='word_1_92' title='bbox 851 1226 1132 1276; x_wconf 89' lang='lat' dir='ltr'><strong>conscendit.</strong></span> <span class='ocrx_word' id='word_1_93' title='bbox 1203 1224 1394 1284; x_wconf 88' lang='lat' dir='ltr'><strong>Milites,</strong></span> <span class='ocrx_word' id='word_1_94' title='bbox 1439 1226 1693 1289; x_wconf 83' lang='lat' dir='ltr'><strong>superbum</strong></span> 
     </span>
     <span class='ocr_line' id='line_1_14' title="bbox 143 1296 1694 1372; baseline -0.002 -19"><span class='ocrx_word' id='word_1_95' title='bbox 143 1322 311 1372; x_wconf 87' lang='lat' dir='ltr'><strong>genus,</strong></span> <span class='ocrx_word' id='word_1_96' title='bbox 357 1315 403 1352; x_wconf 89' lang='lat' dir='ltr'><strong>et</strong></span> <span class='ocrx_word' id='word_1_97' title='bbox 454 1305 690 1368; x_wconf 93' lang='lat' dir='ltr'><strong>opprobrii</strong></span> <span class='ocrx_word' id='word_1_98' title='bbox 739 1296 1203 1371; x_wconf 84' lang='lat' dir='ltr'><strong>indignantissimum,</strong></span> <span class='ocrx_word' id='word_1_99' title='bbox 1257 1302 1408 1351; x_wconf 91' lang='lat' dir='ltr'><strong>liberti</strong></span> <span class='ocrx_word' id='word_1_100' title='bbox 1456 1301 1694 1351; x_wconf 86' lang='lat' dir='ltr'><strong>audaciam</strong></span> 
     </span>
     <span class='ocr_line' id='line_1_15' title="bbox 143 1375 1695 1445; baseline -0.003 -13"><span class='ocrx_word' id='word_1_101' title='bbox 143 1375 505 1432; x_wconf 85' lang='lat' dir='ltr'><strong>exhorrescunt:</strong></span> <span class='ocrx_word' id='word_1_102' title='bbox 532 1387 566 1409; x_wconf 89' lang='lat'>“</span> <span class='ocrx_word' id='word_1_103' title='bbox 584 1383 637 1430; x_wconf 89' lang='lat' dir='ltr'><strong>Io</strong></span> <span class='ocrx_word' id='word_1_104' title='bbox 650 1382 961 1431; x_wconf 86' lang='lat' dir='ltr'><strong>Saturnalia&#39;’⁵</strong></span> <span class='ocrx_word' id='word_1_105' title='bbox 985 1381 1307 1441; x_wconf 88' lang='lat' dir='ltr'><strong>occlamitant;</strong></span> <span class='ocrx_word' id='word_1_106' title='bbox 1334 1392 1379 1428; x_wconf 91' lang='lat' dir='ltr'><strong>et</strong></span> <span class='ocrx_word' id='word_1_107' title='bbox 1395 1390 1695 1445; x_wconf 84' lang='lat' dir='ltr'><strong>personatum</strong></span> 
     </span>
     <span class='ocr_line' id='line_1_16' title="bbox 143 1455 1694 1525; baseline -0.003 -14"><span class='ocrx_word' id='word_1_108' title='bbox 143 1460 408 1525; x_wconf 85' lang='lat' dir='ltr'><strong>Principem</strong></span> <span class='ocrx_word' id='word_1_109' title='bbox 445 1458 683 1519; x_wconf 88' lang='lat' dir='ltr'><strong>ludificati,</strong></span> <span class='ocrx_word' id='word_1_110' title='bbox 719 1465 753 1488; x_wconf 86' lang='lat'><strong>“</strong></span> <span class='ocrx_word' id='word_1_111' title='bbox 774 1460 1007 1509; x_wconf 90' lang='lat' dir='ltr'><strong>Plautium</strong></span> <span class='ocrx_word' id='word_1_112' title='bbox 1046 1461 1215 1508; x_wconf 91' lang='lat' dir='ltr'><strong>ducem</strong></span> <span class='ocrx_word' id='word_1_113' title='bbox 1252 1474 1391 1506; x_wconf 90' lang='lat' dir='ltr'><strong>suum</strong></span> <span class='ocrx_word' id='word_1_114' title='bbox 1425 1474 1553 1506; x_wconf 87' lang='lat' dir='ltr'><strong>esse:</strong></span> <span class='ocrx_word' id='word_1_115' title='bbox 1594 1455 1694 1522; x_wconf 66' lang='lat' dir='ltr'><strong>qub</strong></span> 
     </span>
     <span class='ocr_line' id='line_1_17' title="bbox 146 1537 1519 1604; baseline -0.001 -17"><span class='ocrx_word' id='word_1_116' title='bbox 146 1542 180 1566; x_wconf 80' lang='lat'><strong>‘⁶</strong></span> <span class='ocrx_word' id='word_1_117' title='bbox 199 1537 396 1604; x_wconf 87' lang='lat' dir='ltr'><strong>jusserit,</strong></span> <span class='ocrx_word' id='word_1_118' title='bbox 423 1537 575 1585; x_wconf 88' lang='lat' dir='ltr'><strong>statim</strong></span> <span class='ocrx_word' id='word_1_119' title='bbox 592 1537 771 1585; x_wconf 89' lang='lat' dir='ltr'><strong>ituros&#39;&#39;</strong></span> <span class='ocrx_word' id='word_1_120' title='bbox 796 1538 1081 1603; x_wconf 79' lang='lat' dir='ltr'><strong>gloriantur.</strong></span> <span class='ocrx_word' id='word_1_121' title='bbox 1513 1541 1519 1545; x_wconf 85' lang='grc'><strong>’</strong></span> 
     </span>
    </p>
   </div>
   <div class='ocr_carea' id='block_1_4' title="bbox 142 1689 1700 1993">
    <p class='ocr_par' dir='ltr' id='par_1_4' title="bbox 142 1689 1700 1995">
     <span class='ocr_line' id='line_1_18' title="bbox 210 1689 1700 1760; baseline -0.001 -18"><span class='ocrx_word' id='word_1_122' title='bbox 210 1702 290 1742; x_wconf 80' lang='lat'><strong>52.</strong></span> <span class='ocrx_word' id='word_1_123' title='bbox 325 1695 620 1752; x_wconf 80' lang='lat' dir='ltr'><strong>PLAUTms,</strong></span> <span class='ocrx_word' id='word_1_124' title='bbox 637 1709 696 1742; x_wconf 92' lang='lat' dir='ltr'><strong>ne</strong></span> <span class='ocrx_word' id='word_1_125' title='bbox 710 1692 982 1760; x_wconf 86' lang='lat' dir='ltr'><strong>indignatio,</strong></span> <span class='ocrx_word' id='word_1_126' title='bbox 996 1693 1055 1741; x_wconf 93' lang='lat' dir='ltr'><strong>ad</strong></span> <span class='ocrx_word' id='word_1_127' title='bbox 1069 1709 1143 1741; x_wconf 89' lang='lat' dir='ltr'><strong>res</strong></span> <span class='ocrx_word' id='word_1_128' title='bbox 1157 1708 1380 1758; x_wconf 88' lang='lat' dir='ltr'><strong>quasque,</strong></span> <span class='ocrx_word' id='word_1_129' title='bbox 1403 1701 1450 1739; x_wconf 93' lang='lat' dir='ltr'><strong>et</strong></span> <span class='ocrx_word' id='word_1_130' title='bbox 1470 1689 1700 1756; x_wconf 72' lang='lat' dir='ltr'><strong>imprimis</strong></span> 
     </span>
     <span class='ocr_line' id='line_1_19' title="bbox 142 1768 1693 1837; baseline -0.002 -16"><span class='ocrx_word' id='word_1_131' title='bbox 142 1770 359 1821; x_wconf 88' lang='lat' dir='ltr'><strong>militares</strong></span> <span class='ocrx_word' id='word_1_132' title='bbox 402 1769 693 1830; x_wconf 87' lang='lat' dir='ltr'><strong>validissima,</strong></span> <span class='ocrx_word' id='word_1_133' title='bbox 728 1772 1093 1837; x_wconf 89' lang='lat' dir='ltr'><strong>elanguesceret,</strong></span> <span class='ocrx_word' id='word_1_134' title='bbox 1133 1768 1378 1818; x_wconf 90' lang='lat' dir='ltr'><strong>confestim</strong></span> <span class='ocrx_word' id='word_1_135' title='bbox 1410 1785 1550 1816; x_wconf 88' lang='lat' dir='ltr'><strong>naves</strong></span> <span class='ocrx_word' id='word_1_136' title='bbox 1582 1784 1693 1818; x_wconf 89' lang='lat' dir='ltr'><strong>con-</strong></span> 
     </span>
     <span class='ocr_line' id='line_1_20' title="bbox 144 1838 1697 1914; baseline -0.003 -15"><span class='ocrx_word' id='word_1_137' title='bbox 144 1849 352 1911; x_wconf 89' lang='lat' dir='ltr'><strong>scendit;</strong></span> <span class='ocrx_word' id='word_1_138' title='bbox 390 1847 635 1913; x_wconf 90' lang='lat' dir='ltr'><strong>copiasque</strong></span> <span class='ocrx_word' id='word_1_139' title='bbox 657 1849 706 1896; x_wconf 91' lang='lat' dir='ltr'><strong>in</strong></span> <span class='ocrx_word' id='word_1_140' title='bbox 728 1861 822 1898; x_wconf 90' lang='lat' dir='ltr'><strong>tres</strong></span> <span class='ocrx_word' id='word_1_141' title='bbox 851 1861 1003 1914; x_wconf 86' lang='lat' dir='ltr'><strong>partes</strong></span> <span class='ocrx_word' id='word_1_142' title='bbox 1026 1845 1275 1907; x_wconf 85' lang='lat' dir='ltr'><strong>distraxit‚⁶</strong></span> <span class='ocrx_word' id='word_1_143' title='bbox 1307 1857 1359 1894; x_wconf 93' lang='lat' dir='ltr'><strong>ut</strong></span> <span class='ocrx_word' id='word_1_144' title='bbox 1380 1846 1472 1895; x_wconf 89' lang='lat' dir='ltr'><strong>suis</strong></span> <span class='ocrx_word' id='word_1_145' title='bbox 1501 1838 1697 1906; x_wconf 80' lang='lat' dir='ltr'><strong>facilior,</strong></span> 
     </span>
     <span class='ocr_line' id='line_1_21' title="bbox 145 1923 1696 1993; baseline -0.002 -17"><span class='ocrx_word' id='word_1_146' title='bbox 145 1927 354 1978; x_wconf 90' lang='lat' dir='ltr'><strong>hostibus</strong></span> <span class='ocrx_word' id='word_1_147' title='bbox 393 1925 738 1977; x_wconf 85' lang='lat' dir='ltr'><strong>formidolosior</strong></span> <span class='ocrx_word' id='word_1_148' title='bbox 772 1927 893 1977; x_wconf 88' lang='lat' dir='ltr'><strong>foret</strong></span> <span class='ocrx_word' id='word_1_149' title='bbox 915 1927 1150 1993; x_wconf 92' lang='lat' dir='ltr'><strong>adpulsus.</strong></span> <span class='ocrx_word' id='word_1_150' title='bbox 1221 1924 1434 1974; x_wconf 88' lang='lat' dir='ltr'><strong>Reflante</strong></span> <span class='ocrx_word' id='word_1_151' title='bbox 1456 1934 1595 1973; x_wconf 89' lang='lat' dir='ltr'><strong>vento</strong></span> <span class='ocrx_word' id='word_1_152' title='bbox 1617 1923 1696 1973; x_wconf 84' lang='lat' dir='ltr'><strong>ali-</strong></span> 
     </span>
    </p>
   </div>
   <div class='ocr_carea' id='block_1_5' title="bbox 148 2095 879 2191">
    <p class='ocr_par' dir='ltr' id='par_1_5' title="bbox 148 2095 879 2191">
     <span class='ocr_line' id='line_1_22' title="bbox 199 2095 879 2139; baseline 0.003 -4"><span class='ocrx_word' id='word_1_153' title='bbox 199 2095 215 2114; x_wconf 89' lang='lat'>¹</span> <span class='ocrx_word' id='word_1_154' title='bbox 235 2097 588 2139; x_wconf 78' lang='lat' dir='ltr'><strong>Tumultuabantur.</strong></span> <span class='ocrx_word' id='word_1_155' title='bbox 645 2100 804 2138; x_wconf 86' lang='lat' dir='ltr'><strong>Sueton.</strong></span> <span class='ocrx_word' id='word_1_156' title='bbox 840 2100 879 2137; x_wconf 91' lang='lat' dir='ltr'><strong>in</strong></span> 
     </span>
     <span class='ocr_line' id='line_1_23' title="bbox 148 2152 424 2191; baseline 0.004 -1"><span class='ocrx_word' id='word_1_157' title='bbox 148 2152 290 2190; x_wconf 88' lang='lat' dir='ltr'><strong>Claud.</strong></span> <span class='ocrx_word' id='word_1_158' title='bbox 311 2166 424 2191; x_wconf 81' lang='lat' dir='ltr'><strong>xvn.</strong></span> 
     </span>
    </p>
   </div>
   <div class='ocr_carea' id='block_1_6' title="bbox 127 2202 882 2353">
    <p class='ocr_par' dir='ltr' id='par_1_6' title="bbox 127 2202 882 2353">
     <span class='ocr_line' id='line_1_24' title="bbox 200 2202 882 2255; baseline 0.003 -12"><span class='ocrx_word' id='word_1_159' title='bbox 200 2202 218 2220; x_wconf 76' lang='lat'>²</span> <span class='ocrx_word' id='word_1_160' title='bbox 246 2206 369 2245; x_wconf 77' lang='lat' dir='ltr'><strong>Aulus</strong></span> <span class='ocrx_word' id='word_1_161' title='bbox 407 2207 595 2246; x_wconf 72' lang='lat' dir='ltr'><strong>Plautius.</strong></span> <span class='ocrx_word' id='word_1_162' title='bbox 660 2203 748 2255; x_wconf 81' lang='lat' dir='ltr'><strong>Dio,</strong></span> <span class='ocrx_word' id='word_1_163' title='bbox 784 2208 882 2245; x_wconf 90' lang='lat' dir='ltr'><strong>ibid.</strong></span> 
     </span>
     <span class='ocr_line' id='line_1_25' title="bbox 147 2259 880 2312; baseline 0.007 -17"><span class='ocrx_word' id='word_1_164' title='bbox 147 2259 249 2297; x_wconf 91' lang='lat' dir='ltr'><strong>Vide</strong></span> <span class='ocrx_word' id='word_1_165' title='bbox 289 2268 328 2298; x_wconf 89' lang='lat' dir='ltr'><strong>et</strong></span> <span class='ocrx_word' id='word_1_166' title='bbox 385 2261 580 2309; x_wconf 85' lang='lat' dir='ltr'><strong>Tacitum,</strong></span> <span class='ocrx_word' id='word_1_167' title='bbox 627 2261 710 2300; x_wconf 88' lang='lat' dir='ltr'><strong>Vit.</strong></span> <span class='ocrx_word' id='word_1_168' title='bbox 747 2263 880 2312; x_wconf 83' lang='lat' dir='ltr'><strong>Agric.</strong></span> 
     </span>
     <span class='ocr_line' id='line_1_26' title="bbox 127 2318 406 2353; baseline 0.011 -3"><span class='ocrx_word' id='word_1_169' title='bbox 127 2325 237 2351; x_wconf 84' lang='lat' dir='ltr'><strong>-xm</strong></span> <span class='ocrx_word' id='word_1_170' title='bbox 256 2318 294 2351; x_wconf 86' lang='lat' dir='ltr'><strong>et</strong></span> <span class='ocrx_word' id='word_1_171' title='bbox 313 2328 406 2353; x_wconf 83' lang='lat' dir='ltr'><strong>xrv.</strong></span> 
     </span>
    </p>
   </div>
   <div class='ocr_carea' id='block_1_7' title="bbox 958 2093 1698 2364">
    <p class='ocr_par' dir='ltr' id='par_1_7' title="bbox 958 2093 1698 2364">
     <span class='ocr_line' id='line_1_27' title="bbox 958 2093 1694 2147; baseline -0.01 -11"><span class='ocrx_word' id='word_1_172' title='bbox 958 2098 1051 2142; x_wconf 81' lang='lat' dir='ltr'><strong>rius,</strong></span> <span class='ocrx_word' id='word_1_173' title='bbox 1081 2097 1253 2147; x_wconf 75' lang='lat' dir='ltr'><strong>Belgium</strong></span> <span class='ocrx_word' id='word_1_174' title='bbox 1282 2093 1503 2140; x_wconf 80' lang='lat' dir='ltr'><strong>Romanum,</strong></span> <span class='ocrx_word' id='word_1_175' title='bbox 1537 2094 1694 2130; x_wconf 64' lang='lat' dir='ltr'><strong>1v.‘11.</strong></span> 
     </span>
     <span class='ocr_line' id='line_1_28' title="bbox 960 2145 1698 2190; baseline -0.011 0"><span class='ocrx_word' id='word_1_176' title='bbox 960 2156 1049 2190; x_wconf 88' lang='lat' dir='ltr'><strong>n.5.</strong></span> <span class='ocrx_word' id='word_1_177' title='bbox 1077 2150 1273 2188; x_wconf 84' lang='lat' dir='ltr'><strong>existimat</strong></span> <span class='ocrx_word' id='word_1_178' title='bbox 1301 2149 1520 2185; x_wconf 80' lang='lat' dir='ltr'><strong>Romanum</strong></span> <span class='ocrx_word' id='word_1_179' title='bbox 1549 2145 1698 2183; x_wconf 83' lang='lat' dir='ltr'><strong>exerci-</strong></span> 
     </span>
     <span class='ocr_line' id='line_1_29' title="bbox 962 2199 1695 2253; baseline -0.01 -10"><span class='ocrx_word' id='word_1_180' title='bbox 962 2217 1045 2244; x_wconf 83' lang='lat' dir='ltr'><strong>tum</strong></span> <span class='ocrx_word' id='word_1_181' title='bbox 1076 2205 1116 2241; x_wconf 91' lang='lat' dir='ltr'><strong>in</strong></span> <span class='ocrx_word' id='word_1_182' title='bbox 1145 2212 1217 2242; x_wconf 87' lang='lat' dir='ltr'><strong>tres</strong></span> <span class='ocrx_word' id='word_1_183' title='bbox 1248 2208 1375 2253; x_wconf 73' lang='lat' dir='ltr'><strong>partes</strong></span> <span class='ocrx_word' id='word_1_184' title='bbox 1427 2200 1483 2238; x_wconf 86' lang='lat' dir='ltr'><strong>ita</strong></span> <span class='ocrx_word' id='word_1_185' title='bbox 1530 2199 1695 2238; x_wconf 83' lang='lat' dir='ltr'><strong>divisum</strong></span> 
     </span>
     <span class='ocr_line' id='line_1_30' title="bbox 960 2253 1695 2303; baseline -0.01 -6"><span class='ocrx_word' id='word_1_186' title='bbox 960 2259 1075 2297; x_wconf 86' lang='lat' dir='ltr'><strong>fuisse</strong></span> <span class='ocrx_word' id='word_1_187' title='bbox 1093 2259 1142 2296; x_wconf 87' lang='lat' dir='ltr'><strong>ab</strong></span> <span class='ocrx_word' id='word_1_188' title='bbox 1161 2256 1266 2295; x_wconf 91' lang='lat' dir='ltr'><strong>Aulo</strong></span> <span class='ocrx_word' id='word_1_189' title='bbox 1281 2254 1449 2301; x_wconf 80' lang='lat' dir='ltr'><strong>Plautio,</strong></span> <span class='ocrx_word' id='word_1_190' title='bbox 1468 2262 1513 2291; x_wconf 88' lang='lat' dir='ltr'><strong>ut</strong></span> <span class='ocrx_word' id='word_1_191' title='bbox 1530 2253 1695 2303; x_wconf 83' lang='lat' dir='ltr'><strong>primam</strong></span> 
     </span>
     <span class='ocr_line' id='line_1_31' title="bbox 960 2305 1696 2364; baseline -0.01 -13"><span class='ocrx_word' id='word_1_192' title='bbox 960 2321 1108 2364; x_wconf 87' lang='lat' dir='ltr'><strong>partem</strong></span> <span class='ocrx_word' id='word_1_193' title='bbox 1154 2311 1175 2348; x_wconf 77' lang='grc' dir='ltr'>ὲ</span> <span class='ocrx_word' id='word_1_194' title='bbox 1217 2309 1384 2355; x_wconf 86' lang='lat' dir='ltr'><strong>Batavis,</strong></span> <span class='ocrx_word' id='word_1_195' title='bbox 1421 2308 1629 2346; x_wconf 82' lang='lat' dir='ltr'><strong>secundam</strong></span> <span class='ocrx_word' id='word_1_196' title='bbox 1672 2305 1696 2345; x_wconf 74' lang='grc' dir='ltr'>ὲ</span> 
     </span>
    </p>
   </div>
   <div class='ocr_carea' id='block_1_8' title="bbox 128 2364 912 3010">
    <p class='ocr_par' dir='ltr' id='par_1_8' title="bbox 135 2364 882 2474">
     <span class='ocr_line' id='line_1_32' title="bbox 135 2364 882 2419; baseline 0.001 -14"><span class='ocrx_word' id='word_1_197' title='bbox 135 2395 141 2400; x_wconf 62' lang='grc'><em>,</em></span> <span class='ocrx_word' id='word_1_198' title='bbox 199 2364 215 2386; x_wconf 83' lang='lat'>³</span> <span class='ocrx_word' id='word_1_199' title='bbox 247 2367 283 2404; x_wconf 92' lang='lat' dir='ltr'><em>E</em></span> <span class='ocrx_word' id='word_1_200' title='bbox 303 2367 448 2407; x_wconf 71' lang='lat' dir='ltr'><strong>Gallia.</strong></span> <span class='ocrx_word' id='word_1_201' title='bbox 504 2369 538 2406; x_wconf 94' lang='lat' dir='ltr'>E</span> <span class='ocrx_word' id='word_1_202' title='bbox 557 2367 691 2407; x_wconf 66' lang='lat' dir='ltr'><strong>Gallia.</strong></span> <span class='ocrx_word' id='word_1_203' title='bbox 711 2367 882 2419; x_wconf 66' lang='lat' dir='ltr'><strong>Belgica,</strong></span> 
     </span>
     <span class='ocr_line' id='line_1_33' title="bbox 147 2421 663 2474; baseline 0 -14"><span class='ocrx_word' id='word_1_204' title='bbox 147 2421 368 2472; x_wconf 85' lang='lat' dir='ltr'><strong>Rhenanisq</strong></span> <span class='ocrx_word' id='word_1_205' title='bbox 375 2436 421 2461; x_wconf 89' lang='lat' dir='ltr'><strong>ue</strong></span> <span class='ocrx_word' id='word_1_206' title='bbox 436 2423 663 2474; x_wconf 85' lang='lat' dir='ltr'><strong>legionibus.</strong></span> 
     </span>
    </p>

    <p class='ocr_par' dir='ltr' id='par_1_9' title="bbox 128 2473 884 2903">
     <span class='ocr_line' id='line_1_34' title="bbox 170 2473 884 2518; baseline -0.001 -5"><span class='ocrx_word' id='word_1_207' title='bbox 170 2515 172 2518; x_wconf 74' lang='grc'>,</span> <span class='ocrx_word' id='word_1_208' title='bbox 198 2473 219 2496; x_wconf 80' lang='lat'>4</span> <span class='ocrx_word' id='word_1_209' title='bbox 235 2475 461 2515; x_wconf 72' lang='lat' dir='ltr'><strong>Narcissum</strong></span> <span class='ocrx_word' id='word_1_210' title='bbox 478 2477 625 2516; x_wconf 79' lang='lat' dir='ltr'><strong>mittit.</strong></span> <span class='ocrx_word' id='word_1_211' title='bbox 681 2474 884 2513; x_wconf 87' lang='lat' dir='ltr'><strong>Narcissus</strong></span> 
     </span>
     <span class='ocr_line' id='line_1_35' title="bbox 147 2529 883 2581; baseline -0.001 -14"><span class='ocrx_word' id='word_1_212' title='bbox 147 2534 363 2581; x_wconf 87' lang='lat' dir='ltr'><strong>praepotens&#39;</strong></span> <span class='ocrx_word' id='word_1_213' title='bbox 377 2530 533 2568; x_wconf 84' lang='lat' dir='ltr'><strong>Claudii</strong></span> <span class='ocrx_word' id='word_1_214' title='bbox 566 2531 742 2577; x_wconf 82' lang='lat' dir='ltr'><strong>libertus,</strong></span> <span class='ocrx_word' id='word_1_215' title='bbox 771 2529 883 2578; x_wconf 91' lang='lat' dir='ltr'><strong>cujus</strong></span> 
     </span>
     <span class='ocr_line' id='line_1_36' title="bbox 147 2582 882 2638; baseline -0.003 -17"><span class='ocrx_word' id='word_1_216' title='bbox 147 2596 248 2621; x_wconf 90' lang='lat' dir='ltr'><strong>mors</strong></span> <span class='ocrx_word' id='word_1_217' title='bbox 274 2592 483 2623; x_wconf 85' lang='lat' dir='ltr'><strong>memorata</strong></span> <span class='ocrx_word' id='word_1_218' title='bbox 513 2589 569 2622; x_wconf 85' lang='lat' dir='ltr'><strong>est</strong></span> <span class='ocrx_word' id='word_1_219' title='bbox 587 2596 704 2638; x_wconf 82' lang='lat' dir='ltr'><strong>supra</strong></span> <span class='ocrx_word' id='word_1_220' title='bbox 741 2582 882 2620; x_wconf 85' lang='lat' dir='ltr'><strong>Annal.</strong></span> 
     </span>
     <span class='ocr_line' id='line_1_37' title="bbox 153 2643 377 2676; baseline 0 0"><span class='ocrx_word' id='word_1_221' title='bbox 153 2650 257 2676; x_wconf 84' lang='lat' dir='ltr'><strong>X111.</strong></span> <span class='ocrx_word' id='word_1_222' title='bbox 282 2643 316 2676; x_wconf 90' lang='lat'><strong>1.</strong></span> <span class='ocrx_word' id='word_1_223' title='bbox 362 2646 377 2663; x_wconf 30' lang='grc' dir='ltr'><strong>ι’</strong></span> 
     </span>
     <span class='ocr_line' id='line_1_38' title="bbox 128 2690 882 2741; baseline -0.004 -11"><span class='ocrx_word' id='word_1_224' title='bbox 128 2737 133 2741; x_wconf 36' lang='grc'>,</span> <span class='ocrx_word' id='word_1_225' title='bbox 204 2690 219 2711; x_wconf 88' lang='lat'><strong>⁵</strong></span> <span class='ocrx_word' id='word_1_226' title='bbox 239 2691 288 2730; x_wconf 92' lang='lat' dir='ltr'><strong>Io</strong></span> <span class='ocrx_word' id='word_1_227' title='bbox 335 2691 571 2731; x_wconf 81' lang='lat' dir='ltr'><strong>Saturnalia.</strong></span> <span class='ocrx_word' id='word_1_228' title='bbox 654 2691 744 2729; x_wconf 90' lang='lat' dir='ltr'><strong>Mos</strong></span> <span class='ocrx_word' id='word_1_229' title='bbox 781 2690 882 2728; x_wconf 89' lang='lat' dir='ltr'><strong>enim</strong></span> 
     </span>
     <span class='ocr_line' id='line_1_39' title="bbox 148 2744 884 2794; baseline -0.004 -10"><span class='ocrx_word' id='word_1_230' title='bbox 148 2751 230 2784; x_wconf 86' lang='lat' dir='ltr'><strong>erat</strong></span> <span class='ocrx_word' id='word_1_231' title='bbox 261 2746 545 2794; x_wconf 86' lang='lat' dir='ltr'><strong>Saturnalibus,</strong></span> <span class='ocrx_word' id='word_1_232' title='bbox 581 2750 626 2784; x_wconf 86' lang='lat' dir='ltr'><strong>ut</strong></span> <span class='ocrx_word' id='word_1_233' title='bbox 659 2745 698 2782; x_wconf 89' lang='lat' dir='ltr'><strong>id</strong></span> <span class='ocrx_word' id='word_1_234' title='bbox 733 2744 884 2790; x_wconf 83' lang='lat' dir='ltr'><strong>festum,</strong></span> 
     </span>
     <span class='ocr_line' id='line_1_40' title="bbox 148 2796 883 2850; baseline -0.004 -12"><span class='ocrx_word' id='word_1_235' title='bbox 148 2797 277 2839; x_wconf 68' lang='lat' dir='ltr'><strong>sumta</strong></span> <span class='ocrx_word' id='word_1_236' title='bbox 311 2800 555 2838; x_wconf 89' lang='lat' dir='ltr'><strong>dominorum</strong></span> <span class='ocrx_word' id='word_1_237' title='bbox 587 2796 759 2850; x_wconf 73' lang='lat' dir='ltr'><strong>persona,</strong></span> <span class='ocrx_word' id='word_1_238' title='bbox 787 2798 883 2837; x_wconf 91' lang='lat' dir='ltr'><strong>servi</strong></span> 
     </span>
     <span class='ocr_line' id='line_1_41' title="bbox 147 2850 794 2903; baseline -0.003 -11"><span class='ocrx_word' id='word_1_239' title='bbox 147 2854 396 2892; x_wconf 81' lang='lat' dir='ltr'><strong>celebrarent.</strong></span> <span class='ocrx_word' id='word_1_240' title='bbox 453 2855 545 2896; x_wconf 87' lang='lat' dir='ltr'><strong>Dio,</strong></span> <span class='ocrx_word' id='word_1_241' title='bbox 561 2865 633 2892; x_wconf 78' lang='lat' dir='ltr'><strong>Lx.</strong></span> <span class='ocrx_word' id='word_1_242' title='bbox 651 2850 794 2903; x_wconf 85' lang='lat' dir='ltr'><strong>p.667.</strong></span> 
     </span>
    </p>

    <p class='ocr_par' dir='ltr' id='par_1_10' title="bbox 201 2903 885 2958">
     <span class='ocr_line' id='line_1_42' title="bbox 201 2903 885 2958; baseline -0.006 -12"><span class='ocrx_word' id='word_1_243' title='bbox 201 2903 220 2924; x_wconf 85' lang='lat'><strong>⁶</strong></span> <span class='ocrx_word' id='word_1_244' title='bbox 234 2907 286 2946; x_wconf 80' lang='lat' dir='ltr'><strong>In</strong></span> <span class='ocrx_word' id='word_1_245' title='bbox 303 2914 381 2946; x_wconf 78' lang='lat' dir='ltr'><strong>tres</strong></span> <span class='ocrx_word' id='word_1_246' title='bbox 395 2914 526 2958; x_wconf 81' lang='lat' dir='ltr'><strong>partes</strong></span> <span class='ocrx_word' id='word_1_247' title='bbox 542 2906 736 2946; x_wconf 76' lang='lat' dir='ltr'><strong>distraxit.</strong></span> <span class='ocrx_word' id='word_1_248' title='bbox 793 2906 885 2951; x_wconf 88' lang='lat' dir='ltr'><strong>Dio,</strong></span> 
     </span>
    </p>

    <p class='ocr_par' dir='ltr' id='par_1_11' title="bbox 147 2959 912 3010">
     <span class='ocr_line' id='line_1_43' title="bbox 147 2959 912 3010; baseline 0.001 -10"><span class='ocrx_word' id='word_1_249' title='bbox 147 2971 225 3009; x_wconf 92' lang='lat' dir='ltr'><strong>10c.</strong></span> <span class='ocrx_word' id='word_1_250' title='bbox 246 2962 313 3003; x_wconf 85' lang='lat' dir='ltr'><strong>cit.</strong></span> <span class='ocrx_word' id='word_1_251' title='bbox 370 2962 556 3004; x_wconf 88' lang='lat' dir='ltr'><strong>Eruditus</strong></span> <span class='ocrx_word' id='word_1_252' title='bbox 569 3001 572 3010; x_wconf 86' lang='grc'>,</span> <span class='ocrx_word' id='word_1_253' title='bbox 587 2967 718 3003; x_wconf 85' lang='lat' dir='ltr'><strong>autem</strong></span> <span class='ocrx_word' id='word_1_254' title='bbox 735 2959 887 3001; x_wconf 81' lang='lat' dir='ltr'><strong>Buche-</strong></span> <span class='ocrx_word' id='word_1_255' title='bbox 908 2993 912 3001; x_wconf 91' lang='lat'><strong>.</strong></span> 
     </span>
    </p>
   </div>
   <div class='ocr_carea' id='block_1_9' title="bbox 961 2360 1750 3000">
    <p class='ocr_par' dir='ltr' id='par_1_12' title="bbox 961 2360 1750 3000">
     <span class='ocr_line' id='line_1_44' title="bbox 963 2360 1700 2416; baseline -0.009 -11"><span class='ocrx_word' id='word_1_256' title='bbox 963 2365 1151 2416; x_wconf 88' lang='lat' dir='ltr'><strong>Menapiis</strong></span> <span class='ocrx_word' id='word_1_257' title='bbox 1173 2365 1298 2414; x_wconf 86' lang='lat' dir='ltr'><strong>juxta</strong></span> <span class='ocrx_word' id='word_1_258' title='bbox 1330 2364 1488 2412; x_wconf 63' lang='lat' dir='ltr'><strong>magas,</strong></span> <span class='ocrx_word' id='word_1_259' title='bbox 1536 2360 1700 2412; x_wconf 76' lang='lat' dir='ltr'><strong>Bruges,</strong></span> 
     </span>
     <span class='ocr_line' id='line_1_45' title="bbox 963 2413 1724 2466; baseline -0.011 -7"><span class='ocrx_word' id='word_1_260' title='bbox 963 2421 1115 2458; x_wconf 88' lang='lat' dir='ltr'><strong>tertiam</strong></span> <span class='ocrx_word' id='word_1_261' title='bbox 1131 2419 1152 2457; x_wconf 70' lang='grc' dir='ltr'>ὸ</span> <span class='ocrx_word' id='word_1_262' title='bbox 1171 2417 1332 2456; x_wconf 89' lang='lat' dir='ltr'><strong>Morinis</strong></span> <span class='ocrx_word' id='word_1_263' title='bbox 1349 2423 1388 2455; x_wconf 86' lang='lat' dir='ltr'><strong>et</strong></span> <span class='ocrx_word' id='word_1_264' title='bbox 1407 2416 1513 2454; x_wconf 88' lang='lat' dir='ltr'><strong>Iccio</strong></span> <span class='ocrx_word' id='word_1_265' title='bbox 1537 2413 1700 2466; x_wconf 74' lang='lat' dir='ltr'><strong>Caesaris</strong></span> <span class='ocrx_word' id='word_1_266' title='bbox 1721 2427 1724 2431; x_wconf 91' lang='lat'>·</span> 
     </span>
     <span class='ocr_line' id='line_1_46' title="bbox 961 2467 1700 2525; baseline -0.009 -12"><span class='ocrx_word' id='word_1_267' title='bbox 961 2480 1090 2525; x_wconf 87' lang='lat' dir='ltr'><strong>portu,</strong></span> <span class='ocrx_word' id='word_1_268' title='bbox 1121 2484 1225 2510; x_wconf 90' lang='lat' dir='ltr'><strong>nunc</strong></span> <span class='ocrx_word' id='word_1_269' title='bbox 1270 2471 1477 2522; x_wconf 85' lang='lat' dir='ltr'><strong>Boulogne,</strong></span> <span class='ocrx_word' id='word_1_270' title='bbox 1505 2467 1700 2507; x_wconf 82' lang='lat' dir='ltr'><strong>Occiden-</strong></span> 
     </span>
     <span class='ocr_line' id='line_1_47' title="bbox 962 2522 1699 2573; baseline -0.009 -6"><span class='ocrx_word' id='word_1_271' title='bbox 962 2536 1039 2567; x_wconf 87' lang='lat' dir='ltr'><strong>tem</strong></span> <span class='ocrx_word' id='word_1_272' title='bbox 1069 2529 1167 2566; x_wconf 88' lang='lat' dir='ltr'><strong>inter</strong></span> <span class='ocrx_word' id='word_1_273' title='bbox 1182 2538 1229 2564; x_wconf 91' lang='lat' dir='ltr'><strong>ac</strong></span> <span class='ocrx_word' id='word_1_274' title='bbox 1254 2526 1416 2563; x_wconf 89' lang='lat' dir='ltr'><strong>Boream</strong></span> <span class='ocrx_word' id='word_1_275' title='bbox 1446 2522 1589 2562; x_wconf 89' lang='lat' dir='ltr'><strong>solvere</strong></span> <span class='ocrx_word' id='word_1_276' title='bbox 1613 2522 1699 2573; x_wconf 83' lang='lat' dir='ltr'><strong>jus-</strong></span> 
     </span>
     <span class='ocr_line' id='line_1_48' title="bbox 961 2574 1698 2621; baseline -0.009 -1"><span class='ocrx_word' id='word_1_277' title='bbox 961 2583 1065 2621; x_wconf 77' lang='lat' dir='ltr'><strong>serit.</strong></span> <span class='ocrx_word' id='word_1_278' title='bbox 1121 2582 1182 2619; x_wconf 90' lang='lat' dir='ltr'><strong>Ita</strong></span> <span class='ocrx_word' id='word_1_279' title='bbox 1215 2579 1239 2617; x_wconf 71' lang='lat' dir='ltr'><strong>a</strong></span> <span class='ocrx_word' id='word_1_280' title='bbox 1292 2585 1404 2617; x_wconf 89' lang='lat' dir='ltr'><strong>vento</strong></span> <span class='ocrx_word' id='word_1_281' title='bbox 1453 2574 1698 2615; x_wconf 78' lang='lat' dir='ltr'><strong>Occidentali</strong></span> 
     </span>
     <span class='ocr_line' id='line_1_49' title="bbox 963 2629 1700 2676; baseline -0.009 -2"><span class='ocrx_word' id='word_1_282' title='bbox 963 2634 1133 2674; x_wconf 72' lang='lat' dir='ltr'><strong>maxime</strong></span> <span class='ocrx_word' id='word_1_283' title='bbox 1143 2634 1183 2672; x_wconf 92' lang='lat' dir='ltr'><strong>in</strong></span> <span class='ocrx_word' id='word_1_284' title='bbox 1193 2632 1387 2671; x_wconf 83' lang='lat' dir='ltr'><strong>Orientem</strong></span> <span class='ocrx_word' id='word_1_285' title='bbox 1401 2629 1592 2676; x_wconf 83' lang='lat' dir='ltr'><strong>retroacti,</strong></span> <span class='ocrx_word' id='word_1_286' title='bbox 1604 2629 1700 2668; x_wconf 83' lang='lat' dir='ltr'><strong>facis</strong></span> 
     </span>
     <span class='ocr_line' id='line_1_50' title="bbox 963 2683 1698 2736; baseline -0.01 -8"><span class='ocrx_word' id='word_1_287' title='bbox 963 2701 1115 2727; x_wconf 80' lang='lat' dir='ltr'><strong>rursum</strong></span> <span class='ocrx_word' id='word_1_288' title='bbox 1135 2689 1184 2726; x_wconf 85' lang='lat' dir='ltr'><strong>ab</strong></span> <span class='ocrx_word' id='word_1_289' title='bbox 1199 2686 1355 2736; x_wconf 79' lang='lat' dir='ltr'><strong>Oriente</strong></span> <span class='ocrx_word' id='word_1_290' title='bbox 1372 2686 1413 2724; x_wconf 86' lang='lat' dir='ltr'><strong>in</strong></span> <span class='ocrx_word' id='word_1_291' title='bbox 1446 2683 1698 2723; x_wconf 84' lang='lat' dir='ltr'><strong>Occidentem</strong></span> 
     </span>
     <span class='ocr_line' id='line_1_51' title="bbox 964 2737 1696 2791; baseline -0.008 -10"><span class='ocrx_word' id='word_1_292' title='bbox 964 2741 1208 2781; x_wconf 89' lang='lat' dir='ltr'><strong>discurrentis</strong></span> <span class='ocrx_word' id='word_1_293' title='bbox 1237 2740 1342 2791; x_wconf 88' lang='lat' dir='ltr'><strong>signo</strong></span> <span class='ocrx_word' id='word_1_294' title='bbox 1390 2737 1549 2778; x_wconf 83' lang='lat' dir='ltr'><strong>recreati</strong></span> <span class='ocrx_word' id='word_1_295' title='bbox 1583 2741 1696 2777; x_wconf 86' lang='lat' dir='ltr'><strong>sunt:</strong></span> 
     </span>
     <span class='ocr_line' id='line_1_52' title="bbox 963 2784 1750 2848; baseline -0.009 -13"><span class='ocrx_word' id='word_1_296' title='bbox 963 2797 1066 2843; x_wconf 90' lang='lat' dir='ltr'><strong>inde,</strong></span> <span class='ocrx_word' id='word_1_297' title='bbox 1101 2797 1224 2848; x_wconf 86' lang='lat' dir='ltr'><strong>priore</strong></span> <span class='ocrx_word' id='word_1_298' title='bbox 1262 2806 1379 2832; x_wconf 90' lang='lat' dir='ltr'><strong>cursu</strong></span> <span class='ocrx_word' id='word_1_299' title='bbox 1413 2791 1586 2844; x_wconf 84' lang='lat' dir='ltr'><strong>repetito,</strong></span> <span class='ocrx_word' id='word_1_300' title='bbox 1614 2790 1699 2829; x_wconf 84' lang='lat' dir='ltr'><strong>Bri-</strong></span> <span class='ocrx_word' id='word_1_301' title='bbox 1733 2784 1750 2798; x_wconf 79' lang='lat'>&#39;</span> 
     </span>
     <span class='ocr_line' id='line_1_53' title="bbox 965 2840 1696 2900; baseline -0.008 -12"><span class='ocrx_word' id='word_1_302' title='bbox 965 2850 1088 2889; x_wconf 86' lang='lat' dir='ltr'><strong>tannis</strong></span> <span class='ocrx_word' id='word_1_303' title='bbox 1114 2850 1200 2900; x_wconf 87' lang='lat' dir='ltr'><strong>jam</strong></span> <span class='ocrx_word' id='word_1_304' title='bbox 1227 2848 1252 2887; x_wconf 70' lang='lat' dir='ltr'><strong>a</strong></span> <span class='ocrx_word' id='word_1_305' title='bbox 1293 2847 1468 2886; x_wconf 74' lang='lat' dir='ltr'><strong>littorum</strong></span> <span class='ocrx_word' id='word_1_306' title='bbox 1521 2840 1696 2894; x_wconf 61' lang='lat' dir='ltr'><strong>custodia.</strong></span> 
     </span>
     <span class='ocr_line' id='line_1_54' title="bbox 964 2897 1703 2955; baseline -0.008 -12"><span class='ocrx_word' id='word_1_307' title='bbox 964 2904 1150 2955; x_wconf 89' lang='lat' dir='ltr'><strong>digressis,</strong></span> <span class='ocrx_word' id='word_1_308' title='bbox 1172 2904 1210 2943; x_wconf 90' lang='lat' dir='ltr'><strong>in</strong></span> <span class='ocrx_word' id='word_1_309' title='bbox 1241 2900 1479 2943; x_wconf 77' lang='lat' dir='ltr'><strong>Britanniam</strong></span> <span class='ocrx_word' id='word_1_310' title='bbox 1512 2904 1603 2940; x_wconf 79' lang='lat' dir='ltr'><strong>suut</strong></span> <span class='ocrx_word' id='word_1_311' title='bbox 1631 2897 1703 2938; x_wconf 85' lang='lat' dir='ltr'><strong>ad-</strong></span> 
     </span>
     <span class='ocr_line' id='line_1_55' title="bbox 964 2958 1079 3000; baseline -0.017 0"><span class='ocrx_word' id='word_1_312' title='bbox 964 2958 1079 3000; x_wconf 87' lang='lat' dir='ltr'><strong>vecti.</strong></span> 
     </span>
    </p>
   </div>
  </div>
 </body>
</html>
