1800 3236
619 260 627 267 .
671 204 989 244 GERMANIA.
1550 217 1602 258 29

0 304 4 316 '
58 313 262 379 juvemae
307 309 478 358 honos:
527 319 634 356 ante
677 309 768 356 hoc
813 307 987 356 domus
1030 323 1136 371 pars
1150 310 1165 330 ¹
1199 308 1435 372 videntur,
1485 329 1602 364 mox

59 387 340 453 reipublicae.
408 385 601 451 Insignis
628 385 857 444 nobilitas,
891 395 971 432 aut
990 400 1174 451 -magna
1205 398 1389 449 patrum
1422 391 1601 453 merita,

62 464 279 530 principis
335 462 648 528 dignationem
665 467 680 484 ²
736 463 872 510 etiam
926 462 1278 512 adolescentulis
1345 466 1602 531 adsignant:

65 541 221 592 Ceteri
249 541 609 589 robustioribus³
633 557 685 588 ac
717 540 994 606 jampridem
1027 541 1230 603 probatis
1259 557 1600 608 aggregantur:

62 632 150 667 nec
171 620 317 666 rubor
346 618 466 666 inter
487 617 676 666 comites
692 621 713 647 ⁴
732 617 883 682 aspici.
955 618 1144 666 Gradus
1167 614 1416 684 quinetiam
1439 633 1484 668 et
1506 621 1603 686 ipse

63 695 304 745 comitatus
327 696 480 755 habet,
509 695 683 760 judicio
715 697 825 760 ejus,
864 711 1007 760 quem
1041 707 1305 744 sectantur:
1342 714 1603 765 magnaque

60 784 108 822 et
130 773 354 822 comitum
378 773 627 832 aemulatio,
652 773 818 838 quibus
841 774 1016 837 primus
1038 775 1160 838 apud
1187 774 1441 840 principem
1463 793 1603 827 suum

13 889 17 894 .
63 850 222 911 loous3
260 861 306 898 et
327 851 604 915 principum,
628 851 703 898 cui
725 850 911 915 plurimi
933 863 980 900 et
1001 851 1210 900 acerrimi
1231 853 1435 902 comitae.
1482 856 1601 905 Haec

2 982 9 990 ἰ
62 928 275 994 dignitas,
298 930 372 977 hae
389 929 543 988 vires,³
565 945 736 994 magno
754 945 935 993 semper
951 929 1204 977 electorum
1216 931 1442 995 juvenum
1459 932 1603 997 globo

62 1006 357 1066 circumdari,
379 1006 427 1053 in
447 1023 560 1070 pace
583 1007 742 1065 decus,
763 1006 812 1053 in
827 1007 952 1054 bello
969 1006 1248 1071 praesidium.
1317 1010 1420 1057 Nec
1443 1009 1603 1059 solum

62 1083 112 1131 in
131 1084 216 1143 sua
245 1095 383 1150 gente
406 1084 589 1149 cuique,
623 1085 703 1132 sed
729 1085 853 1148 apud
876 1084 1088 1133 finitimas
1111 1102 1298 1150 quoque
1321 1085 1521 1135 civitates
1552 1087 1603 1136 id

64 1172 253 1221 nomen,
275 1178 329 1209 ea
363 1162 509 1227 gloria
541 1172 626 1220 est,
649 1161 686 1209 si
718 1178 915 1210 numero
945 1179 997 1212 ac
1031 1162 1198 1210 virtute
1230 1163 1470 1212 comitatus
1492 1164 1603 1212 emi-

62 1249 196 1287 neat:
221 1243 502 1304 expetuntur
524 1239 647 1302 enim
665 1240 983 1305 legationibus,
1006 1251 1051 1288 et
1074 1240 1343 1290 muneribus
1359 1253 1600 1301 ornantur,

62 1326 110 1384 et
122 1315 223 1380 ipsa
244 1316 661 1382 plerumque-fama
682 1318 805 1366 bella
825 1312 1132 1393 profligantff
1155 1326 1159 1329 “

67 1532 210 1570 Annal.
231 1545 314 1572 ΧΗ.
332 1538 399 1572 41.
429 1535 612 1574 Romanae
626 1537 796 1586 juventae

66 1586 213 1636 primus
230 1587 362 1634 honos,
389 1588 443 1628 sic
463 1597 618 1628 scutum
636 1590 797 1627 framea-

66 1651 142 1689 que
170 1640 293 1690 prima
318 1642 559 1681 Germanicae
580 1643 796 1694 juventutis

0 1695 1 1698 ’
69 1693 219 1732 decora.
286 1695 387 1740 Quae
422 1698 583 1734 assecuti
619 1697 796 1736 videntur

68 1746 296 1786 duodecimo
313 1755 381 1786 aut
398 1750 682 1799 quintodecimo
707 1766 729 1788 a
741 1758 796 1789 ta-

69 1799 116 1838 tis
140 1814 252 1839 ann0.
308 1803 462 1841 Interim
490 1805 605 1842 nullis
623 1805 795 1843 educati-

67 1855 150 1892 onis
182 1855 328 1894 deliciis
355 1857 480 1903 fracti,
511 1865 555 1896 ut
582 1859 794 1897 videbimus

0 1928 27 1949 ιχ
67 1907 165 1945 infra
177 1922 262 1960 cap.
279 1914 343 1948 20.
357 1911 405 1948 ad
422 1911 598 1950 bellicam
614 1913 792 1950 virtutem

0 1980 2 1982 v
66 1962 345 2011 adolescebant,
362 1977 475 2015 seque
493 1966 712 2005 civitatibus
729 1979 795 2017 ap-

0 2058 1 2061 *
69 2017 294 2066 probabant.
353 2018 453 2055 Inde
508 2020 662 2067 Seneca,
720 2020 792 2071 Ep.

0 2097 2 2100 .
70 2080 230 2109 xxxvt.
284 2071 328 2109 Si
359 2073 399 2109 in
434 2072 638 2111 Germania
683 2080 794 2112 natus

0 2131 7 2151 2
69 2128 176 2168 esset,
200 2125 373 2175 protinus
397 2140 493 2176 puer
522 2133 686 2165 tenerum
713 2128 795 2165 has-

0 2190 2 2202 1
69 2176 136 2214 tile
152 2177 321 2217 libraret.
356 2181 461 2217 Idem
481 2181 635 2227 Seneca,
651 2174 698 2218 de
718 2181 793 2228 Ira,

0 2235 13 2258 ¹-
70 2235 173 2268 1.11.
189 2231 387 2271 Germanis
401 2234 490 2284 quid
501 2241 556 2272 est
570 2235 794 2273 animosius?

23 2283 30 2289 '
70 2284 160 2334 quid
176 2286 226 2322 ad
242 2286 427 2325 incursum
445 2289 599 2326 acrius?
626 2289 715 2339 quid
733 2303 794 2326 ar-

68 2348 206 2376 morum
227 2340 426 2389 cupidius?
453 2342 581 2391 quib-us
597 2343 794 2380 innascun-

0 2433 2 2436 y
68 2395 133 2428 tur
147 2391 495 2444 innutriunturque:
516 2408 668 2445 quorum
683 2397 793 2435 unica

0 2456 3 2471 <
69 2443 146 2482 illis
164 2458 256 2483 cura
272 2451 340 2491 est,
358 2447 397 2484 in
413 2448 492 2485 alia
507 2450 791 2501 negligentibus.

0 2496 6 2535 J
70 2496 174 2542 Quid
189 2498 402 2538 induratius
419 2503 470 2539 ad
494 2515 631 2540 omnem
645 2504 793 2554 patien-

69 2551 193 2590 tiam?
218 2557 262 2590 ut
294 2553 423 2603 quibua
449 2556 586 2606 magud
614 2569 657 2595 ex
679 2564 792 2608 parte

0 2618 4 2646 3·
68 2616 141 2643 non
173 2611 385 2657 tegumenta
416 2620 609 2658 corporum
639 2613 793 2660 provisa

0 2702 4 2709 .

0 2748 16 2802 i.

7 2853 11 2860 .

0 2691 5 2701 ,,
67 2665 155 2696 sunt
161 2675 177 2704 ,·
206 2674 278 2698 non
307 2661 680 2712 suffugia‘adverstls
707 2679 793 2716 per-

2 2714 5 2718 ’
62 2721 214 2762 pecuum
237 2714 317 2753 coeli
342 2715 516 2765 rigorem.
564 2717 684 2755 Plura
706 2719 792 2757 vide

69 2764 168 2804 infra
185 2780 272 2818 cap.
289 2772 357 2807 24.

122 2872 135 2890 ¹
172 2873 317 2913 Domus
347 2889 454 2926 pars.
499 2878 537 2915 A
570 2877 683 2915 servis
714 2890 791 2917 non

0 2904 10 2955 ἷ
68 2925 232 2973 cigenti.
261 2929 477 2968 videinfra
494 2943 581 2981 cap.
603 2935 666 2977 19.

0 3076 10 3088 r}

0 3106 23 3160 {s

0 3162 23 3236 i

0 2980 1 2983 ’
64 2980 86 2997 “’
121 2978 140 2997 ’“
166 2980 355 3034 Principis
373 2983 636 3035 dignationem.
683 2985 792 3023 Prin-

871 1535 968 1587 cipis
979 1536 1216 1587 dignitatem.
1231 1535 1301 1574 ‘Sic
1312 1534 1417 1586 apud
1434 1535 1600 1583 Livium,

873 1601 922 1627 11.
946 1587 1007 1627 16.
1037 1590 1182 1641 Appius
1200 1590 1301 1627 inter
1318 1587 1456 1626 Patres
1469 1589 1599 1637 lectus,

873 1644 972 1682 haud
997 1644 1053 1681 ita
1071 1642 1186 1681 multo
1209 1648 1297 1694 post
1324 1642 1363 1680 in
1389 1643 1599 1693 principum

871 1697 1121 1748 dignationem
1137 1697 1320 1747 pervenit.
1352 1697 1396 1733 Id
1414 1703 1482 1743 est,
1500 1697 1600 1735 inter
1628 1722 1633 1725 -

871 1751 1061 1801 principes
1089 1752 1197 1792 cives,
1226 1752 1417 1788 Romanos
1444 1750 1599 1789 habitus

855 1811 938 1860 Uest,
958 1812 1001 1842 ut
1022 1805 1125 1842 recte
1143 1804 1311 1855 explicat
1333 1804 1513 1843 Pichena.

921 1854 938 1878 ³
984 1858 1110 1897 Ceteri
1153 1858 1434 1896 robustioribus.
1493 1858 1595 1897 Vide

871 1922 951 1950 not.
969 1919 1007 1950 et
1020 1913 1167 1951 emend.
1186 1913 1234 1950 ad
1253 1924 1338 1962 cap.
1364 1912 1423 1949 13.

905 1963 942 1987 ·⁴
982 1966 1094 2004 Inter
1129 1967 1290 2005 comites.
1333 1965 1459 2003 Tanta
1492 1966 1595 2015 apud

871 2019 1080 2058 Germanos
1114 2020 1269 2058 illorum
1303 2019 1491 2057 comitum
1523 2019 1597 2058 suit

867 2074 1111 2121 existimatio,
1130 2082 1173 2111 ut
1199 2075 1229 2112 si
1249 2074 1514 2111 occiderentur
1532 2072 1599 2110 lae-

868 2127 1110 2173 detenturvo,
1155 2128 1271 2179 triplo
1306 2128 1441 2177 major,
1475 2127 1595 2177 quam

868 2193 937 2230 pro
955 2182 1087 2219 ceteris
1102 2183 1272 2233 ingenuis
1287 2181 1506 2219 hominibus
1522 2180 1597 2218 sol·

868 2236 990 2272 venda
1020 2244 1113 2273 esset
1145 2235 1385 2286 compositio,
1420 2241 1463 2271 ut
1492 2235 1594 2271 vide-

870 2288 992 2326 bimus
1011 2290 1110 2326 infra
1137 2290 1175 2327 in
1205 2297 1283 2327 not.
1301 2296 1339 2326 et
1367 2289 1516 2326 emend.
1543 2289 1594 2326 ad

868 2354 954 2393 cap.
991 2348 1056 2382 21.
1105 2344 1172 2381 ubi
1214 2343 1261 2380 de
1296 2342 1593 2380 homicidiorum

866 2397 989 2446 pretio
1007 2397 1191 2434 dicemus.
1266 2436 1270 2439 ,

920 2447 934 2471 ⁵
964 2450 1060 2489 Hoec
1073 2449 1323 2502 dignitas,boe
1335 2449 1448 2488 vires.
1475 2451 1593 2489 Hunc

866 2502 997 2541 locum
1042 2512 1239 2556 caputque
1282 2516 1442 2553 sequens
1476 2504 1593 2543 ferm&

865 2556 1059 2608 integrum.
1091 2557 1190 2596 mira
1236 2558 1417 2596 brevitate
1441 2564 1486 2595 et
1519 2559 1596 2596 ele-

866 2611 994 2660 gantia
1021 2612 1134 2650 vertit
1161 2611 1223 2650 cl.
1241 2612 1287 2648 de
1306 2612 1592 2662 Montesquieu,

867 2664 1001 2715 Esprit
1028 2666 1073 2703 de
1098 2665 1207 2712 Loix,
1234 2678 1335 2703 xxx.
1363 2669 1402 2704 3.
1447 2665 1594 2704 Illustri

867 2719 1042 2769 exemplo
1061 2719 1256 2759 Gallicam
1273 2719 1445 2769 linguam
1464 2719 1594 2757 latinae

868 2771 1180 2824 Cornelianaeque
1210 2773 1386 2811 brevitati
1414 2785 1490 2811 non
1518 2786 1595 2812 esse
1655 2809 1664 2818 ,

867 2825 1065 2876 imparem.
1107 2817 1210 2877 Vide
1225 2832 1305 2865 not.
1323 2832 1362 2865 et
1378 2827 1525 2866 emend.
1545 2827 1595 2866 ad

868 2884 1196 2983 caffll'ffbfligant.
1235 2933 1348 2972 Poene
1369 2934 1594 2972 conficiunt.

869 2986 931 3025 De
947 2989 1063 3025 verbo
1075 2987 1284 3038 profligare
1310 2988 1459 3026 dictum
1479 2983 1598 3040 supfl.
