1768 3236
223 224 296 259 148
710 217 757 256 C.
786 216 1049 256 CORNELII
1077 216 1261 255 TACITI

217 339 313 371 non
335 321 558 386 pecuniae‚
575 337 670 368 non
691 320 903 379 orbitati,¹
927 337 1077 384 neque
1100 319 1234 368 officii
1256 320 1446 387 alicujus
1467 321 1748 374 administra-

214 398 346 458 tioni,
379 399 459 447 sed
483 398 565 446 sibi
586 397 669 462 ipsi
692 397 819 446 dari?
853 397 955 444 illos
986 396 1240 461 quinimmo
1276 399 1432 458 orbos,
1466 410 1512 446 et
1546 399 1748 465 locuple-

217 488 302 536 tes,
337 487 381 524 et
395 487 602 541 potentes
619 474 773 523 venire
790 475 1063 538 plerumque
1086 475 1142 522 ad
1155 476 1391 540 juvenem,
1415 487 1459 524 et
1481 484 1750 541 pauperem,

217 565 368 613 utaut
390 570 487 612 sua,
521 564 598 600 aut
621 552 873 600 amicorum
891 551 1148 599 discrimina
1171 554 1508 613 commendent.
1577 553 1750 604 Ullane'

216 641 340 680 tanta
368 630 623 696 ingentium
646 646 787 692 opum
811 646 861 675 ac
895 624 1073 693 magnae
1108 629 1322 692 potentiae
1344 631 1571 694 voluptas,
1605 631 1749 696 quam

217 717 420 773 spectare
459 708 667 755 homines
705 718 898 764 vetereS,
932 717 976 753 et
1005 723 1152 765 senes,
1186 717 1231 754 et
1267 706 1403 755 totius
1425 707 1571 756 Urbis
1602 708 1750 774 gratia

216 787 455 844 subnixos,
489 785 536 831 in
559 783 740 832 summa
763 783 970 830 omnium
987 799 1144 830 rerum
1166 783 1441 832 abundantia
1464 786 1750 846 confitentae,

216 862 262 910 id
287 863 413 927 quod
431 862 656 926 optimum
679 860 751 919 sit,
785 878 832 908 se
850 876 943 907 non
963 859 1163 908 habere?
1230 862 1331 909 Jam
1353 862 1485 921 vero,
1518 863 1598 927 qui
1620 875 1748 930 toga,-

214 942 369 988 torum
388 939 643 997 comitatus,
671 948 715 985 et
732 936 965 1002 egressus!
1002 953 1107 1000 quae
1130 936 1177 984 in
1198 937 1384 1002 publico
1406 939 1602 1002 species!
1638 948 1747 1006 quae'

138 1075 141 1077 q
213 1017 261 1065 in
278 1017 456 1083 judiciis
487 1014 741 1064 veneratio!
777 1014 903 1078 qu'od
939 1014 1158 1079 gaudium
1192 1017 1499 1081 consurgendi
1531 1017 1746 1076 adsisteno'

216 1095 353 1159 dique
387 1094 504 1142 inter
533 1103 749 1150 tacentes,
781 1091 828 1138 in
859 1107 1003 1138 unum
1038 1106 1310 1140 conversos:
1347 1093 1470 1141 coire
1503 1095 1746 1159 populum,

213 1185 258 1221 et
294 1170 601 1221 circumfundi
635 1187 807 1228 coram,
824 1180 887 1218 ‘et
922 1169 1126 1233 accipere
1156 1169 1370 1218 affectum
1402 1170 1744 1238 quemcumque

214 1261 370 1298 orator
390 1248 612 1297 induerit!
665 1248 864 1313 Vulgata
885 1247 1133 1295 dicentium
1156 1243 1337 1313 gaudia,
1361 1259 1406 1296 et
1426 1248 1752 1313 imperitorum?

214 1345 400 1392 quoque
451 1326 594 1374 oculis
645 1326 866 1390 exposita,
923 1328 1184 1389 percenseo·
1253 1325 1337 1373 Illa
1384 1326 1644 1386 secretiora,
1698 1332 1745 1376 et'

212 1405 397 1453 tantum
419 1404 524 1469 ipsis
548 1403 782 1451 orantibus
817 1414 942 1462 nota,
977 1404 1150 1468 majora
1171 1413 1290 1451 sunt.
1360 1403 1464 1451 Sive
1487 1415 1744 1454 accuratam

209 1482 562 1546 meditatamque
591 1480 739 1529 adfert
774 1481 1058 1541 orationem3
1096 1491 1162 1528 est
1195 1480 1429 1544 quoddam
1466 1480 1743 1546 sicut-ipsius

211 1559 435 1618 dictionis,
469 1559 529 1606 ita
567 1559 720 1624 gaudii
755 1559 936 1622 pondus
972 1570 1017 1606 et
1053 1558 1328 1606 constantia:
1364 1558 1457 1606 sive
1492 1575 1661 1607 novam
1696 1563 1743 1610 et

211 1647 445 1687 recentem
467 1652 626 1684 curam
641 1639 657 1658 ²
679 1652 774 1683 non
796 1636 891 1684 sine
916 1635 1068 1700 aliqua
1095 1635 1392 1699 trepidatione
1413 1636 1550 1683 animi
1571 1636 1768 1686 adtuleae·

192 1715 287 1774 -rit,
337 1714 433 1778 ipsa
476 1713 715 1762 solicitudo
761 1713 1052 1761 commendat
1090 1724 1322 1771 eventum,
1373 1724 1417 1760 et
1463 1713 1746 1763 lenocinatur

211 1791 447 1856 voluptati.
518 1793 609 1840 Sed
634 1791 956 1855 extemporalis
979 1781 1195 1848 audaciae,
1229 1801 1364 1855 atque
1397 1790 1536 1854 ipsius
1564 1790 1744 1854 temerii-

210 1870 310 1917 tatis
332 1869 405 1917 vel
429 1869 658 1933 praecipua
675 1869 934 1934 jucunditas
957 1880 1036 1916 est.
1106 1869 1229 1915 Nam
1251 1867 1298 1914 in
1319 1868 1504 1933 ingenio
1537 1878 1743 1936 quoques,

210 1946 326 2008 sicut
347 1946 394 1993 in
415 1963 546 2012 agro,
581 1962 861 2010 quamquam
883 1946 968 1994 alia
990 1946 1069 1993 diu
1095 1948 1302 1993 serantur
1336 1956 1474 2010 atque
1509 1945 1753 1995 elaborem⁴

206 2035 299 2083 tur,
332 2023 530 2089 gratiora
552 2035 721 2082 tamen,
755 2042 860 2088 quae
883 2023 966 2072 sua
989 2035 1151 2088 sponte
1175 2034 1441 2071 nascuntur.
1729 2011 1733 2014 .

247 2219 249 2221 .
273 2183 318 2230 7.
357 2179 602 2236 EQUIDEM
629 2190 679 2226 ut
702 2179 759 2227 de
782 2197 856 2227 me
879 2180 974 2244 ipse
996 2178 1155 2237 fatear,
1189 2194 1289 2225 non
1310 2194 1418 2225 eum
1441 2177 1563 2225 diem
1599 2166 1740 2238 laetio-

207 2272 306 2304 rem
328 2256 418 2321 egi,
452 2271 546 2320 quo
569 2256 680 2304 mihi
703 2256 818 2305 latus
841 2258 1023 2306 clavus³
1063 2257 1243 2313 oblatus
1265 2266 1348 2314 est,
1383 2254 1455 2302 vel
1481 2271 1575 2320 quo
1596 2253 1738 2304 homo

259 2439 272 2456 ¹
305 2439 483 2477 Orbitati.
539 2441 660 2490 Cujus
680 2454 812 2491 magna
830 2448 935 2479 erant

205 2493 243 2530 in
271 2494 375 2531 Urbe
402 2494 533 2542 pretia.
589 2495 689 2531 Vide
718 2508 833 2545 supra
857 2498 935 2532 An-

205 2546 281 2585 nal.
304 2559 369 2584 111.
397 2550 459 2584 ¹25.
478 2555 515 2584 et
539 2559 638 2585 XIII.
659 2552 738 2586 52·
779 2549 936 2594 Quanto

205 2601 329 2639 Roma
348 2600 418 2637 fuit
436 2602 661 2651 corruptior,
690 2610 793 2639 tanto
819 2604 936 2652 magis

204 2654 368 2692 accrevit
385 2654 555 2691 orbitatis
573 2654 687 2692 favor.
733 2656 825 2692 Inde
844 2659 936 2693 Am-

204 2709 352 2746 mianus
372 2707 633 2753 h'larcvllinus,
652 2721 743 2745 x1v.
765 2713 802 2746 5.
853 2709 934 2747 Vile

202 2776 278 2799 esse
293 2761 468 2811 quidquid
477 2767 583 2798 extra
599 2761 712 2799 Urbis
724 2775 852 2810 pomoer
861 2763 932 2800 ium

202 2815 370 2853 nascitur
397 2814 590 2855 cestimant,
615 2821 755 2865 praeter
773 2817 879 2853 orb'os
897 2823 934 2854 et

202 2869 342 2907 coelibes
355 2884 369 2912 ;
398 2881 462 2905 uec
480 2869 580 2906 credi
603 2874 725 2918 potest
742 2868 814 2918 qud
833 2870 931 2907 obse-

201 2923 368 2973 quiorum
395 2921 611 2959 diversitate
627 2923 800 2960 coluntur
825 2923 936 2961 homi-

202 2990 263 3014 ms
279 2975 356 3013 sine
374 2975 497 3013 liberis
516 2975 652 3014 Romae.

1052 2437 1070 2455 ²
1097 2440 1260 2478 Novam*
1291 2444 1328 2476 et
1374 2444 1552 2476 recentem
1596 2450 1735 2477 curam.

1004 2495 1140 2532 Curam
1168 2494 1298 2530 eodem
1318 2505 1426 2530 sensu
1453 2491 1647 2542 usurpavit
1662 2490 1738 2528 Tar

1003 2549 1105 2585 citus
1124 2547 1264 2584 Annal.
1283 2559 1351 2584 111.
1369 2550 1434 2585 24.
1480 2546 1660 2584 Aliorum
1677 2557 1738 2593 ςι-

1003 2601 1089 2644 itur,
1117 2601 1226 2638 simul
1255 2605 1378 2638 cetera
1397 2599 1498 2637 illius
1516 2597 1639 2636 aetatis
1665 2611 1737 2636 me-

1002 2656 1165 2699 morabo,
1202 2654 1235 2692 si
1267 2653 1406 2703 effectis
1437 2652 1476 2690 in
1509 2665 1588 2702 quoe
1618 2651 1735 2698 tendi,-

998 2709 1124 2758 plures
1143 2709 1192 2745 ad
1210 2720 1319 2746 curas
1335 2707 1448 2745 vitam
1465 2706 1687 2756 produxero.

1054 2758 1070 2781 ³
1101 2761 1218 2799 Lat-us
1252 2762 1389 2798 clavus.
1443 2759 1464 2797 J
1471 2772 1513 2796 us
1539 2758 1732 2799 senatoriae
1765 2762 1768 2799 ζ

999 2815 1203 2864 diguitatis,
1230 2815 1341 2863 cujus
1367 2813 1508 2862 insigne
1526 2820 1608 2851 erat
1630 2811 1732 2853 latu·
1767 2843 1768 2847 ,

1000 2868 1141 2913 clavus,
1168 2880 1233 2905 seu
1264 2867 1371 2904 vestis
1389 2866 1474 2904 latis
1493 2879 1539 2904 cx
1561 2863 1734 2916 purpurfi

999 2922 1116 2972 plagis
1134 2920 1323 2958 distincta.
1367 2921 1427 2958 De
1445 2919 1518 2957 hac
1537 2918 1733 2969 dignitate,

997 2977 1153 3026 ejusque
1176 2983 1331 3012 auctore
1351 2973 1540 3025 Principe,
1569 2971 1729 3019 Plinius,
