1768 3236
49 210 89 253 J.
103 210 150 250 e.
170 213 239 250 ει.
468 202 615 243 unm
643 197 841 249 Qnm'ri
868 183 1191 241 ANNALIUM.
1234 249 1237 250 ⁷
1509 191 1587 247 ω

43 318 79 344 “
111 309 387 362 fidissimum
427 307 488 356 ad
538 303 812 364 subsidium,
854 302 1132 370 perfugisset
1147 303 1200 354 :''
1253 319 1409 371 neque
1460 307 1590 360 aliud

44 387 401 457 perienmtibus
433 383 608 442 auxilii,
631 369 775 447 q‘uam
795 380 845 429 in
875 380 1076 431 stan-um
1098 382 1349 449 constantia
1370 382 1476 445 fuit,
1495 386 1591 453 qui

45 468 186 517 vades
206 464 398 514 extitere
410 480 437 519 ς»
461 479 596 520 mox‚
619 459 792 510 crebris
824 459 1173 524 prolationibus,
1189 477 1319 525 spem
1341 477 1393 510 ac
1410 462 1591 514 memni

43 544 179 612 juxta
234 552 448 610 gravatus
498 537 728 597 Vitellius,
778 536 921 601 petito
963 553 1048 602 per
1089 537 1290 602 speciem
1331 539 1593 590 studiorum

42 623 246 686 scalpro,
302 620 453 667 levem
489 616 635 666 ictum
670 613 799 664 venis
841 613 1012 674 intulit,
1049 614 1282 680 vitamque
1318 616 1592 682 aegritudine

49 698 188 748 animi
210 696 369 755 finivit.
437 698 506 743 At
539 692 841 757 Pomponius,
879 691 1027 741 multa
1057 709 1246 741 morum
1279 693 1521 760 elegantia,
1538 705 1590 743 et

48 775 234 842 ingenio
269 772 464 832 inlustri,
503 772 618 819 dum
658 771 897 821 adversam
936 769 1172 822 fortunam
1210 763 1372 836 aequus
1409 772 1590 833 tolerat,

48 853 238 903 Tiberio
261 860 490 916 superstes
509 847 614 898 fuit.

116 989 519 1056 49:⁶PLA01TUM
550 1004 760 1069 posthac,
801 1009 836 1033 “
858 1015 910 1053 ut
946 1003 993 1051 in
1024 1003 1226 1069 reliquos
1249 1002 1399 1070 Sejani
1422 1003 1591 1054 liberos

52 1090 88 1126 ‘⁵
121 1085 435 1133 adverteretur
450 1084 502 1143 ;'’
554 1093 823 1131 vanescente
877 1097 1158 1147 quamquam
1213 1082 1358 1147 plebis
1401 1081 1488 1142 ira,
1538 1097 1592 1132 ac

50 1161 282 1228 pierisque
316 1177 399 1224 per
434 1160 586 1224 priora
619 1158 842 1223 supplicia
877 1158 1038 1230 lenitis.
1107 1160 1252 1225 Igitur
1284 1171 1526 1224 portantur
1544 1161 1594 1209 in

53 1255 304 1297 carcerem,
321 1238 441 1285 filius
463 1237 802 1285 imminentium
822 1237 1093 1303 intelligens,
1114 1238 1269 1302 puella
1290 1238 1408 1286 adeo
1426 1237 1594 1297 nescia,

0 1368 3 1372 ,
54 1328 108 1365 ut
129 1316 297 1379 crebro
320 1316 639 1380 interrogaret,
663 1320 697 1343 “
721 1315 848 1380 quod
871 1305 933 1362 ob
950 1315 1188 1374 delictum,
1205 1326 1251 1363 et
1272 1316 1370 1389 quo
1392 1316 1595 1364 trahere-

55 1399 91 1423 “
123 1383 201 1442 tur
216 1385 242 1441 ΞῙ
283 1409 434 1457 neque
478 1391 703 1440 facturam
754 1392 926 1451 ultra‚'’
978 1403 1042 1450 et,
1081 1397 1116 1421 ‘⁶
1149 1409 1282 1457 posse
1337 1410 1386 1441 se
1429 1391 1594 1457 puerili

56 1476 92 1500 “
125 1472 316 1520 verbere
371 1469 600 1516 moneri.'’
692 1470 904 1517 Tradunt
942 1469 1161 1534 temporis
1215 1471 1312 1535 ejus
1367 1475 1594 1529 auctores,

57 1553 93 1577 “
127 1548 234 1613 quia
249 1547 518 1595 triumvirali
535 1546 758 1611 supplicio
787 1546 905 1595 affici
926 1546 1151 1612 virginem
1180 1546 1435 1596 inauditum
1455 1546 1593 1595 habe-

56 1631 92 1656 “
125 1627 278 1684 batur,
301 1625 330 1672 a
355 1624 598 1688 carnifice,
633 1624 852 1688 laqueum
889 1625 1040 1689 juxta,
1076 1640 1385 1689 compressam
1400 1623 1450 1671 :''
1485 1623 1593 1672 exin

58 1702 212 1752 oblisis
232 1701 459 1761 faucibuS,
481 1701 529 1749 id
550 1700 693 1750 aetatis
709 1717 905 1766 corpora
924 1700 974 1749 in
997 1701 1249 1750 Gemonias
1271 1702 1458 1767 abjecta.

124 1864 205 1904 50.
236 1857 346 1906 PER
368 1856 493 1906 idem
513 1867 695 1920 tempus
711 1854 824 1904 Asia
843 1866 981 1921 atque
1012 1855 1189 1904 Achaia
1218 1856 1448 1906 exterritae
1468 1868 1589 1916 sunt,

57 1933 151 1983 acri
172 1934 335 2000 magis,
353 1932 498 1999 quam
526 1933 746 1984 diuturno
781 1949 987 1992 rumore,
1010 1937 1044 1961 “
1067 1932 1291 1992 Drusum,
1327 1934 1596 1983 Germanici

59 2015 94 2039 ‘⁶
116 2010 282 2070 filium,
316 2011 439 2075 apud
463 2010 690 2076 Cycladas
709 2009 896 2070 insulaS,
913 2026 1027 2060 mox
1048 2008 1097 2057 in
1113 2010 1361 2058 continenti
1381 2010 1530 2060 visum
1541 2010 1594 2059 :”

0 2102 5 2145 τ
26 2094 33 2099 ‘
58 2097 105 2136 et
127 2099 223 2135 erat
241 2088 420 2153 juvenis
449 2088 574 2136 haud
590 2086 758 2152 dispari
774 2098 923 2147 aetate,
941 2085 1216 2152 quibusdam
1239 2087 1434 2138 Caesaris
1459 2083 1594 2137 liber-

0 2158 1 2186 ³
57 2164 132 2223 tis,
144 2165 272 2212 velut
287 2165 484 2230 agnitus,
498 2181 582 2230 per
598 2164 853 2230 dolumque
866 2163 1201 2214 comitantibus.
1259 2164 1595 2227 Alliciebantur

0 2226 20 2277 μ
58 2241 205 2307 ignari
227 2239 351 2289 fama
381 2241 596 2301 nominis,
618 2253 663 2289 et
685 2240 878 2305 promtis
906 2242 1185 2291 Graecorum
1207 2241 1379 2310 animis¹
1388 2243 1447 2309 ad
1474 2257 1595 2293 nova

0 2306 14 2367 ἶ
59 2329 107 2366 et
127 2318 243 2366 mira
256 2335 271 2366 t
307 2319 476 2384 quippe
500 2323 534 2347 “
552 2319 759 2383 elapsum
775 2318 1046 2378 custodiam,
1080 2335 1274 2384 pergere
1302 2320 1360 2367 ad
1381 2330 1596 2385 paternos

0 2387 9 2456 {g
60 2399 97 2423 ‘⁶
127 2394 372 2454 exercituS,
394 2396 656 2462 AEgyptum
689 2388 769 2444 aut
812 2395 992 2462 Syriam
1026 2395 1326 2446 invasurum”
1360 2398 1596 2464 fingebant

0 2482 17 2539 [f
58 2470 214 2531 timul,
228 2472 581 2538 credebantque.
647 2474 750 2522 Jam
762 2472 1013 2539 juventutis
1028 2489 1275 2533 concursu,
1285 2476 1381 2540 jam
1401 2465 1598 2540 publicis

0 2541 9 2601 5
59 2548 220 2597 studiis
256 2547 649 2614 frequentabatur,
685 2550 820 2599 laetus
851 2550 1151 2614 praesentibus
1173 2563 1219 2600 et
1255 2551 1460 2601 inanium
1480 2569 1595 2617 spe;

59 2625 176 2674 cum
207 2626 415 2674 auditum
452 2626 500 2675 id
537 2627 742 2692 Poppaeo
786 2628 969 2677 Sabino.
1061 2631 1130 2678 Is'
1157 2629 1444 2680 Macedoniae
1492 2641 1597 2678 tum

12 2695 26 2759 J
59 2696 278 2762 intentus,
300 2702 526 2751 Achaiam
560 2721 748 2769 quoque
782 2706 983 2754 curabat.
1052 2705 1215 2772 Igitur,
1253 2707 1349 2772 quo
1385 2712 1494 2755 vera
1514 2721 1597 2755 seu

5 2814 26 2835 -.=
59 2775 176 2828 falsa
208 2780 415 2839 anteiret,
437 2773 726 2829 Toronaeum
760 2781 1155 2847 Thermaeumque
1193 2783 1344 2845 sinum
1379 2781 1600 2848 praefesti-

44 2868 193 2915 ·nanS‚
242 2872 356 2905 mox
393 2858 642 2918 Euboeam,
685 2858 839 2924 AEgaei
882 2860 1020 2909 maris
1041 2918 1044 2920 ,
1062 2860 1274 2920 insuiam,
1314 2871 1360 2908 et
1396 2860 1601 2911 Piraeum

0 2935 33 3067 ζ
63 2931 231 2984 Atticae
265 2950 378 2995 orae,
418 2934 525 2982 dein
549 2936 871 2990 Corinthiense
904 2937 1046 2998 littus,
1081 2937 1401 3004 angustiasque
1439 2933 1600 2987 Isthmi

0 3042 10 3106 ἑ
46 3031 51 3037 -’
397 3027 516 3061 ⁷01„
544 3028 613 3062 ιν.
885 3077 890 3082 ,
1236 3029 1272 3071 Q

0 3116 30 3236 'ts
