1768 3236
1314 93 1319 100 Ι
1409 29 1444 71 Ι

47 202 87 242 J.
113 201 160 241 C.
187 203 254 238 40.
439 196 586 236 LIBRI
615 194 826 234 OCTAvt
852 193 1174 235 ANNALIUM.
1511 202 1592 272 3³17

0 302 2 305 ’
48 303 406 358 fortissimorum
438 300 651 353 ¹virorum
689 298 858 347 virtute
897 295 1148 357 difficilem,
1195 308 1241 346 et
1279 299 1341 348 ob
1377 299 1599 351 barbaros

51 382 256 446 undique
274 390 520 443 erupturos
535 376 738 435 fatalem,
772 375 1043 439 susciperet,
1073 375 1270 423 inhiberi
1291 377 1422 424 nullo
1448 379 1600 443 potuit

50 459 194 508 modo
213 457 325 522 quin
347 455 574 504 decimare
590 453 710 502 velle
731 455 1090 517 perseverarem·
1146 455 1347 502 Vocatos
1363 455 1517 520 itaque
1538 456 1599 504 ad

52 535 323 584 concionem
356 533 573 590 inermes,
607 541 745 594 atque
776 529 912 577 etiam
942 529 1104 595 gladiis
1126 529 1359 593 depositis,
1394 533 1599 596 equitatu
1631 589 1633 592 ¹

51 624 228 660 armato
250 610 556 659 circumsedit.
627 609 719 656 Sed
737 608 852 656 esim
868 607 1061 666 videret,
1095 607 1307 671 suspecta
1323 626 1393 668 re,
1426 611 1600 673 pleros-

51 708 143 755 que
166 689 303 737 dilabi
326 691 384 736 ad
414 673 707 746 resumenda,
741 685 777 734 si
808 703 900 750 qua
933 686 1002 733 vis
1031 686 1180 744 fieret,
1213 702 1358 745 arma,
1392 687 1601 752 profugit

54 767 312 825 concione,²
345 765 680 829 confestimque
702 765 886 813 Urbem
917 763 1063 828 petiit,
1097 774 1150 811 ut
1178 764 1237 811 ad
1263 764 1600 825 crudelitatem,

54 845 116 894 ita
137 845 230 892 ad
217 844 445 910 lgnaviam
467 859 687 908 praeceps.
727 872 729 875 v

119 1009 200 1052 41.
235 1002 398 1048 HAUD
434 1000 579 1048 fracta
612 1000 760 1059 obice,
794 999 876 1047 sed
910 1000 972 1046 ob
1004 1014 1158 1046 moras
1191 998 1391 1063 gravior,
1425 998 1600 1047 irarum

3 1072 15 1081 ⁵
55 1079 202 1127 moles
230 1078 279 1126 in
300 1090 509 1134 senatum
542 1078 648 1126 ruit.
718 1079 779 1126 Et
796 1077 894 1142 quo
912 1077 1229 1125 insolentiores
1259 1076 1600 1140 praeteritorum

53 1156 336 1223 dedecorum
350 1173 560 1204 rumores
574 1157 916 1213 metuebantur,
925 1155 983 1203 eo
998 1154 1153 1202 acrius
1167 1164 1391 1201 certatum
1406 1164 1458 1202 ut
1470 1154 1601 1224 nobi-

52 1233 241 1281 lioribus
263 1233 377 1281 odiis
399 1234 741 1298 majoribusque
762 1231 1072 1280 atrocitatibus
1095 1232 1414 1279 obruerentur.
1479 1227 1600 1279 {nde

55 1310 194 1358 minae
217 1323 262 1358 et
284 1321 472 1375 questus
486 1314 498 1338 ³
524 1316 558 1340 ‘⁶
576 1322 727 1376 patres
750 1309 951 1358 infensos
967 1308 1185 1373 Principi,
1219 1310 1315 1373 ejus
1334 1308 1602 1357 discrimini-

59 1392 90 1413 “
121 1390 230 1435 bus
227 1387 441 1447 laetatos,
488 1405 614 1436 nunc
653 1390 751 1453 ejus
785 1387 946 1453 gloriae
984 1386 1217 1436 invidere·
1270 1386 1521 1450 provinciis
1552 1386 1603 1434 in

59 1469 89 1490 ‘⁶
122 1465 463 1512 venerationem
486 1482 538 1513 ac
561 1466 771 1513 coelestes
800 1464 1044 1530 religiones
1078 1463 1285 1511 certatim
1317 1463 1602 1533 properanti-

11 1590 20 1597 ,
59 1545 93 1568 “
124 1543 229 1601 bus,
264 1560 311 1591 se
335 1543 363 1592 a
386 1554 545 1590 senatu
567 1542 739 1590 meritis
761 1541 982 1606 triumphi
1004 1541 1258 1589 honoribus
1289 1539 1492 1588 fraudari
1507 1536 1542 1589 :3-
1556 1552 1604 1589 at

61 1623 91 1645 “
124 1619 310 1668 tandem
346 1620 707 1668 domesticorum
746 1619 948 1667 hostium
988 1619 1209 1685 sanguine
1243 1635 1372 1667 suam
1405 1618 1602 1684 gloriam

17 1701 27 1706 ‘
62 1701 94 1723 ‘⁴
127 1713 321 1761 remque
343 1697 574 1761 publicam
598 1698 859 1745 ulturum.'’

123 1837 203 1900 42.
239 1853 372 1901 HAEc
400 1853 567 1900 Romae
589 1863 715 1900 tanto
738 1852 914 1901 tristius
938 1840 1148 1917 accepta,
1168 1851 1315 1917 >quod
1348 1851 1445 1916 ipse
1461 1851 1602 1917 paulo

60 1930 165 1978 ante
207 1934 240 1957 “
263 1946 323 1977 ne
357 1929 468 1994 quid
508 1931 566 1977 de
605 1930 698 1978 suis
737 1931 991 1979 honoribus
1030 1931 1289 1996 ageretur,''
1336 1929 1473 1977 etiam
1517 1931 1605 1977 sub

3 2005 8 2008 ’
58 2006 219 2054 mortis
268 2006 408 2071 poena
457 2000 803 2056 denuntiasset.4
870 2008 1000 2071 Quid
1040 2006 1245 2055 facerent
1284 2006 1604 2054 omitterentve

53 2079 279 2148 ambigui,
338 2101 558 2132 censuere
596 2085 859 2150 Principem
907 2085 1021 2133 adiri
1066 2084 1093 2133 a
1133 2085 1293 2150 legatis
1342 2083 1608 2148 amplissimi

0 2180 5 2189 ἶ
60 2160 249 2219 ordinis,
301 2162 381 2225 qui
432 2167 466 2189 ‘⁶
490 2174 541 2210 ut
596 2165 879 2212 maturaret”
932 2174 1130 2210 orarent.
1200 2162 1259 2210 Iis
1308 2161 1610 2209 inclementer

61 2237 283 2301 exceptis,
346 2243 381 2265 “
424 2239 657 2298 veniam‚’'
725 2241 868 2305 quam
924 2239 1128 2287 maxima
1182 2256 1298 2287 voce
1353 2239 1608 2304 respondit,

0 2310 95 2339 'u

128 2314 325 2373 veniam,
360 2326 404 2361 et
435 2315 509 2364 hic
543 2333 729 2365 mecum
747 2319 796 2364 :''
815 2321 829 2345 ⁵
864 2317 1082 2380 capulum
1115 2316 1272 2382 gladii,
1306 2333 1402 2381 quo
1432 2316 1609 2365 cinctus
1646 2372 1654 2378 μ

0 2381 5 2428 {i
61 2403 175 2448 erat,
210 2392 375 2439 crebro
407 2394 667 2442 verberans.
737 2395 862 2443 Exin
883 2406 1110 2442 terrorem
1142 2393 1444 2458 popularitate
1466 2393 1611 2449 inten-

0 2468 5 2478 ”
62 2471 193 2527 denS,
227 2469 370 2516 edixit
393 2461 609 2527 “'reyerti
632 2461 700 2531 se,
734 2473 815 2520 sed
838 2473 889 2521 iis
906 2472 1093 2520 tantum
1109 2471 1190 2536 qui
1207 2482 1435 2536 optarent,
1449 2488 1610 2536 eques-

66 2550 97 2571 “
129 2546 187 2594 tri
217 2546 366 2593 ordini
396 2558 441 2594 et
460 2549 666 2612 populo:
692 2566 811 2621 ‘nam
829 2567 877 2599 se
894 2566 1048 2614 neque
1071 2549 1237 2608 civem,
1271 2565 1424 2614 neque
1441 2547 1608 2613 princi-

0 2773 13 2831 ι,

67 2628 98 2649 “
132 2640 239 2688 pem
262 2624 435 2680 senatui
452 2627 653 2690 amplius
674 2626 804 2677 fore:
840 2639 994 2691 vetare
1011 2627 1148 2676 etiam
1171 2643 1230 2677 ne
1247 2626 1350 2691 quis
1370 2624 1609 2674 senatoriae

113 2756 125 2773 ¹
149 2757 428 2796 Ρενεεΐενανετ.
459 2759 616 2798 Sueton.
635 2760 675 2797 in
693 2761 803 2808 Caio,
873 2771 1036 2801 xtvnx.
1342 2734 1375 2769 ὓ
1431 2760 1434 2763 ’

5 2831 10 2858 3
60 2822 220 2852 XLVIII
923 2814 944 2836 ⁴
971 2815 1046 2853 Sub
1066 2815 1196 2853 mortis
1222 2812 1331 2864 poend
1353 2810 1621 2851 denuntiasset.

112 2862 326 2917 'Profugit
338 2866 521 2904 concione.
542 2867 699 2905 Sueton.
709 2866 802 2905 ibid.
875 2869 1034 2907 Sueton.
1052 2869 1128 2907 loc.
1147 2868 1212 2907 cit.

101 2893 288 2957 ³Minae³
289 2925 327 2957 et
358 2925 518 2969 questus
577 2921 635 2958 De
664 2921 805 2971 quibus
928 2919 942 2943 ⁵
973 2923 1028 2960 Et
1073 2921 1132 2960 hic
1174 2934 1325 2959 mecum.
1381 2919 1551 2957 Sueten-¹·
1582 2918 1621 2956 in
1693 2926 1702 2934 ²

9 2980 16 2990 ⁴
62 2970 152 3019 Dio,
182 2983 273 3012 ux.
290 2987 329 3023 p.
349 2971 443 3012 660.
463 2974 619 3012 Sueton.
639 2974 678 3012 in
698 2974 806 3021 Caio,
875 2975 985 3022 Caio,
1015 2987 1138 3013 xmx.
