1768 3236
422 208 702 248 DIALOGUS
731 211 805 248 DE
834 211 1196 252 ORATORIBUS.
1496 219 1571 260 149

40 310 224 370 novus,¹
258 321 303 359 et
322 309 372 360 in
393 311 569 362 civitate
591 313 1037 362 minimefavorabili
1051 318 1067 337 ²
1089 326 1238 374 natus,
1273 326 1569 380 quaesturam,

0 422 19 430 -
40 399 121 436 aut
154 388 468 450 tribunatum,³
501 403 578 439 aut
612 396 862 456 praeturam
891 392 1073 456 accepi:
1110 391 1252 456 quam
1275 410 1370 452 eos,
1404 393 1571 458 quibus

36 465 173 524 mihi,
205 483 290 530 pro
327 468 635 517 mediocritate
671 469 807 536 hujus
841 470 1276 534 quantulaecumque
1305 469 1353 517 in
1376 471 1571 520 dicendo

41 541 282 602 facultatis,
316 557 393 592 aut
415 563 546 594 reum
569 547 787 611 prospere
826 547 1090 606 defendere,
1122 558 1200 595 aut
1222 547 1345 610 apud
1367 559 1573 596 centum-

39 619 195 669 viros⁴
229 638 411 670 causam
427 618 642 688 'aliquam
664 624 855 672 feliciter
877 642 1026 683 orare,
1059 635 1136 672 aut
1169 625 1291 688 apud
1312 624 1572 689 Principem

40 697 162 760 ipsos
183 698 286 748 illos
309 699 494 748 libertos
517 712 561 748 et
583 713 901 764 procuratores
924 698 1188 765 Panipum
1211 701 1328 749 tueri
1351 713 1396 749 et
1416 701 1571 750 defen-

37 775 148 823 dere
183 777 331 824 datur.
398 779 524 824 Tum
561 779 672 825 mihi
711 795 847 842 supra
882 768 1154 837 tribunatus,
1188 790 1233 827 et
1267 790 1489 843 praeturas
1525 792 1570 829 et

39 854 300 902 consulatus
322 856 565 904 ascendere
581 858 595 883 ⁵
618 856 794 915 videor,
816 867 916 904 tum
939 853 1144 915 habere,⁶
1170 858 1296 921 quod
1317 857 1364 904 in
1387 874 1452 915 se,
1474 873 1571 904 non
1623 880 1626 885 ·

35 929 85 977 in
106 931 212 988 alio,
246 932 407 991 oritur,
441 949 525 980 nec
551 934 796 982 codicillis⁷
833 935 984 992 datur,
1017 951 1102 982 nec
1126 951 1233 982 cum
1257 933 1400 999 gratia
1430 934 1567 982 venit.

38 1010 162 1071 Quae
182 1007 304 1056 fama
321 1020 365 1057 et
379 1010 475 1057 laus
493 1012 689 1076 cujusvis
711 1011 816 1059 artis
834 1028 941 1059 cum
958 1023 1194 1059 oratorum
1216 1010 1569 1076 gloriacompa-

34 1086 176 1147 randa
198 1098 281 1145 est,
305 1087 383 1151 qui
405 1104 499 1135 non
521 1088 717 1137 illustres
733 1089 781 1137 in
804 1091 938 1137 Urbe
960 1089 1116 1137 solnm
1139 1089 1260 1152 apud
1282 1088 1569 1153 negotiosos⁸

35 1173 81 1211 et
115 1165 254 1212 rebus
291 1165 503 1225 intentos,
536 1169 616 1214 sed
653 1167 787 1214 etiam
817 1168 939 1231 apud
955 1169 1147 1232 juvenes
1171 1177 1215 1213 et
1237 1166 1565 1235 adolescentes,

33 1239 198 1305 quibus
221 1242 365 1291 modo
387 1254 511 1291 recta
527 1255 571 1291 et
585 1244 760 1292 indoles
784 1255 867 1302 est,
883 1238 926 1291 et
942 1246 1064 1291 bona
1086 1260 1188 1307 spes
1207 1242 1308 1291 sui?
1346 1244 1562 1306 Quorum

31 1467 81 1494 11.
101 1456 172 1523 Ep.
191 1461 229 1502 9.
284 1459 369 1510 Ego
401 1459 512 1498 Sexto
544 1462 658 1499 latum
690 1464 763 1500 cla-

28 1522 113 1548 vum
130 1510 153 1548 ὰ
172 1511 316 1563 Coesare
347 1520 486 1560 nostro,
515 1529 582 1566 ego
609 1522 763 1565 quoestu·

29 1577 109 1602 ram
133 1560 349 1615 impetravi.
381 1581 457 1605 meo
474 1569 655 1620 suffragio
677 1583 763 1619 per-

31 1618 132 1655 venit
168 1621 217 1657 ad
238 1622 310 1669 jus
343 1620 556 1659 tribunatus
599 1624 760 1672 petendi,

30 1685 132 1722 quem-
157 1673 229 1711 nisi
251 1675 420 1712 obtinet
407 1689 443 1712 m
462 1681 762 1723 senatu‚ve1eor

29 1738 74 1763 ne
92 1726 271 1776 decepisse
289 1727 465 1766 Caesarem
486 1729 626 1767 videar.

85 1831 96 1848 ¹
128 1833 250 1872 Homo
269 1847 396 1873 novus.
450 1836 571 1886 Cujus
601 1837 760 1887 majores

24 1886 196 1925 nondum
214 1887 479 1926 inclaruerant.

81 1937 100 1956 ²
139 1940 296 1979 ΙΙΙηιὶηιε
319 1941 545 1992 favorabili.
610 1943 758 1982 Julium

26 1993 258 2041 Secundum,
286 1995 502 2033 Curiatium
526 1997 758 2044 Maternum,

25 2055 64 2084 et
85 2048 143 2085 M.
163 2051 329 2098 Aprum,
359 2049 492 2089 Gallos
510 2050 622 2087 fuisse
641 2053 758 2088 maui-

26 2100 160 2139 festum
195 2110 251 2140 est
278 2116 325 2146 ex
355 2115 441 2153 cap.
477 2109 536 2141 10.
593 2104 755 2142 Minime

25 2163 154 2195 autem
168 2156 382 2193 favorabilis
393 2157 538 2202 civitas,
549 2157 651 2206 quod
673 2166 754 2196 tum

26 2221 136 2258 penes
166 2210 355 2248 Romanos
383 2219 462 2248 erat
488 2212 607 2249 omnis
638 2212 754 2250 favor.

25 2261 126 2300 Vide
151 2276 266 2312 supra
291 2264 534 2301 Ammianum
565 2266 757 2303 Marcelli-

24 2326 130 2363 num,
159 2317 272 2354 modo
298 2318 497 2355 laudatum
515 2331 600 2370 cap.
619 2316 657 2357 6.
677 2328 755 2357 not.

23 2380 107 2418 sup.

78 2418 93 2440 ³
117 2421 372 2463 Tribunatum.
405 2424 658 2463 Tribunatum
680 2426 757 2484 ple-

27 2475 105 2520 bis;
126 2483 169 2513 ut
185 2478 453 2526 suprainVita
470 2480 599 2528 Agric.
619 2492 701 2530 cap.
717 2476 754 2517 6.

73 2526 93 2548 ⁴
130 2529 394 2568 centumviros.
462 2533 580 2570 Fuere
625 2533 755 2570 Romae

23 2582 174 2632 triginta
192 2586 360 2635 quinque
379 2585 520 2622 tribus:
552 2600 572 2623 e
598 2586 754 2635 singulis

21 2636 207 2684 tribubus,
254 2646 325 2675 tres
360 2639 428 2675 viri
469 2638 752 2688 deligebantur,

20 2689 87 2738 qui
106 2689 198 2727 licet
214 2691 335 2728 forent
355 2699 508 2730 centum
521 2700 558 2729 et
571 2692 754 2742 quinqm,

19 2741 192 2780 rotunde
200 2751 324 2782 tamen
337 2746 558 2784 centumviri
578 2746 754 2783 diceban-

20 2801 96 2833 tur.
152 2787 270 2837 Erant
300 2799 407 2836 divisi
430 2800 468 2836 in
495 2806 661 2849 quatuor
690 2800 754 2836 tri-

22 2849 191 2897 bunalia,
217 2858 254 2888 et
278 2851 318 2888 in
346 2851 504 2890 basilica
522 2851 630 2890 julia
648 2866 755 2902 coge-

21 2902 180 2942 bantur:
202 2917 277 2942 non
294 2906 340 2942 de
357 2905 472 2951 facto,
491 2907 554 2943 sed
575 2907 621 2943 de
638 2906 755 2956 aequi-

20 2962 169 3006 tate,'et
187 2958 276 3008 jure
295 2959 603 3011 pronuntiabant.
659 2960 758 2998 Prae-

830 1462 962 1512 cipuas
981 1459 1270 1498 centumvirales
1290 1471 1422 1496 causas
1439 1470 1565 1495 recen-

828 1523 882 1553 set
902 1515 1050 1560 Cicero,
1069 1515 1115 1551 de
1132 1513 1240 1550 Orat.
1260 1525 1288 1549 1.
1309 1515 1376 1550 38.
1430 1512 1563 1550 Jacta-

830 1582 870 1607 re
901 1569 994 1606 sein
1012 1568 1132 1606 causis
1161 1565 1496 1612 centumviralibus,
1525 1565 1562 1603 in

829 1623 957 1673 quibus
974 1621 1242 1671 usucapionmn,
1254 1621 1467 1664 tutelarum,
1475 1633 1565 1670 gen-

828 1677 1022 1720 tilitatum,
1050 1674 1301 1725 agnationum,
1325 1673 1560 1716 alluvionum,

829 1729 1166 1773 circ-umluvionum,
1204 1740 1389 1772 nexorum,
1426 1728 1562 1764 manci-

822 1784 982 1834 piorum,
1007 1782 1204 1832 parietum,
1240 1781 1425 1826 luminum,
1451 1780 1565 1817 stilli-

828 1837 1020 1882 cidiorum,
1038 1839 1337 1874 testamentorum
1357 1838 1563 1884 ruptorum,

827 1897 893 1928 aut
922 1896 1102 1935 rator-um,
1137 1894 1411 1937 ceterarumque
1439 1900 1561 1926 rerum

827 1944 1243 1992 innumerabilium-jura
1253 1946 1464 1980 versantur.
1491 1941 1511 1978 J
1518 1954 1561 1978 u-

827 1997 917 2034 dicii
947 1996 1230 2034 centumviralis
1257 1995 1403 2033 illustre
1434 2007 1560 2032 exem·

825 2051 932 2101 plum
954 2051 1066 2088 habet
1084 2050 1241 2094 Plinius,
1267 2061 1325 2086 VI.
1346 2048 1417 2098 Ep.
1439 2053 1504 2087 33.

880 2103 893 2125 ⁵
927 2105 1147 2142 Ascendere.
1204 2104 1288 2140 Ncc
1317 2102 1426 2139 aliter
1449 2102 1494 2139 do
1513 2102 1558 2139 li·

827 2158 937 2196 bortis
976 2159 1122 2195 dictum
1157 2169 1272 2206 supra
1304 2155 1343 2192 in
1378 2155 1476 2193 libro
1513 2156 1559 2194 de

827 2212 1002 2249 Moribus
1035 2212 1324 2252 Germanorum,
1372 2222 1457 2260 cap.
1493 2214 1558 2248 25.

829 2266 854 2302 I
855 2266 891 2303 bi
907 2266 1000 2302 enim
1019 2270 1056 2302 et
1067 2277 1182 2313 ..super
1204 2265 1378 2314 inge-nuos
1396 2269 1432 2301 et
1449 2276 1560 2313 super

828 2320 965 2356 nobiles
983 2320 1197 2356 ascendunt.

882 2367 899 2388 ⁶
930 2372 1021 2409 Tum
1066 2371 1209 2408 habere.
1266 2370 1382 2407 Hunc
1426 2369 1557 2407 locum

827 2425 986 2463 feliciter
1014 2424 1176 2462 restituit
1207 2423 1349 2461 illustr.
1379 2424 1558 2461 Huetius.

829 2479 927 2516 Vide
945 2487 1021 2516 not.
1039 2486 1076 2515 et
1094 2478 1238 2515 emend.
1258 2478 1305 2513 ad
1325 2489 1411 2527 cap.
1430 2482 1467 2522 7.
1484 2494 1486 2496 ·

846 2535 851 2539 ”
879 2529 894 2552 ⁷
933 2531 1135 2569 codicillis.
1202 2531 1396 2575 Codicilli,
1439 2531 1556 2568 litcrae

826 2592 931 2623 erant
969 2585 1108 2635 quibus
1140 2584 1317 2634 Princeps
1357 2584 1556 2634 dignitates

825 2638 1066 2689 largiebatur.
1101 2639 1182 2675 Hos
1199 2637 1397 2675 codicillos
1415 2651 1557 2675 memo-

803 2736 806 2738 >
823 2701 881 2729 rat
899 2692 1102 2729 Suetonius
1120 2692 1156 2728 in
1175 2691 1300 2728 'siben
1321 2702 1430 2728 xL11.

877 2741 892 2764 ⁸
910 2745 1148 2796 Negatio-sos.
1178 2742 1254 2782 llic
1273 2744 1451 2793 negotiosi
1469 2750 1555 2780 sunt

823 2799 1004 2836 homines.
1060 2799 1184 2849 Supra
1210 2797 1350 2836 Anual.
1371 2810 1470 2835 xn1.
1488 2802 1553 2834 41.

823 2853 1028 2903 negotiosos
1073 2853 1163 2895 dies,
1222 2851 1360 2901 quibus
1407 2851 1556 2901 negotia

822 2911 1066 2958 peraguntur,
1093 2904 1269 2944 vidimus.
