1768 3236
1546 217 1628 260 395

96 212 193 253 J.C.
214 214 279 250 43.
513 205 661 245 LIBRI
690 204 836 244 NONI
866 205 1185 246 ANNALIUM.

98 311 302 382 quandiu
324 309 559 360 retroacti:
595 308 802 358 restitere
823 320 995 368 tamen,
1012 320 1115 358 tum
1136 310 1418 374 poenitentiae
1439 316 1638 379 pudore,

96 404 198 441 tum
221 390 331 438 facis
353 390 411 453 ab
432 387 624 436 Oriente
641 389 700 435 ad
720 386 1050 436 Occidentem¹
1085 391 1435 440 transcurrentis
1456 393 1556 442 visu
1577 396 1638 443 ad

93 467 388 534 pertinaciam
410 464 671 525 obfirmati;
707 480 938 529 navesque
959 465 1098 529 plano
1122 476 1168 513 et
1189 467 1318 514 nudo
1353 467 1505 518 littore
1527 487 1637 520 con-

78 545 292 598 stituere.
361 545 488 592 Nam
510 542 730 603 Britanni,
759 544 1027 592 adversante
1048 553 1205 603 vento,
1235 543 1349 592 nihil
1365 545 1450 593 sibi
1471 547 1634 598 timen-

88 625 205 672 dum
248 621 351 681 rati,
391 633 436 670 et
471 621 520 670 in
563 637 646 669 sua
676 620 978 688 remigrantes
1014 619 1330 670 defensionem
1368 622 1632 675 omiserant.

92 701 191 750 Ubi
213 712 368 749 autem
402 698 588 748 audiere
611 699 853 746 Romanos
885 698 1132 763 adpulisse‚
1165 709 1333 759 terror,
1351 699 1420 748 uti
1443 701 1632 763 adsolet,

91 780 312 828 barbaros
350 776 558 826 attonuit.
627 777 731 825 Nec
770 774 938 836 redire,
974 792 1061 824 nec
1094 776 1317 841 congredi
1350 777 1483 845 ausi,
1504 796 1554 826 se
1585 779 1636 828 in

91 856 284 920 paludes
305 871 358 903 ac
380 855 533 920 sylvas
570 853 805 913 abdidere,
844 864 897 901 ut
925 852 1043 902 sicut
1072 852 1184 902 olim
1205 855 1271 904 D.
1289 853 1464 905 Julium
1500 855 1634 906 mora

89 933 424 999 fatigaverant,2
452 931 515 982 ita
534 931 768 983 Plautium
787 929 882 982 otio
904 928 1184 998 frangerent.
1243 922 1245 925 ’
1286 934 1298 943 ”

157 1095 238 1138 53.
273 1091 358 1138 AT
376 1088 468 1149 ille,
517 1089 643 1137 haud
677 1088 859 1138 nescius
898 1088 1168 1137 lentitudine
1206 1105 1315 1137 suos
1351 1086 1632 1150 defecturos,

89 1167 244 1215 hostes
265 1165 501 1225 valituros,
528 1165 678 1215 statim
694 1167 872 1215 bellum
894 1167 1113 1232 adgredi:
1150 1166 1374 1216 latitantes
1386 1167 1633 1218 Britannos

86 1243 266 1293 venari:
303 1243 517 1293 omnibus
555 1243 753 1309 vestigiis
796 1244 1037 1309 indagare3
1095 1261 1149 1293 ac
1199 1245 1386 1292 tandem
1429 1244 1631 1294 divulsos

86 1315 336 1381 offendere,
358 1321 438 1386 qui
472 1321 564 1380 vix,
613 1321 787 1380 sociati,
814 1319 1006 1382 fuissent
1043 1321 1169 1369 bello
1213 1337 1360 1386 pares.
1429 1322 1629 1372 Devicto

85 1400 388 1458 Catarataco,³
408 1415 544 1447 fmox
583 1415 703 1447 caeso
741 1398 1097 1463 Togodumno,⁴
1156 1393 1437 1447 Cunobelini
1479 1416 1631 1464 nuper

84 1476 257 1525 mortui
274 1476 390 1537 filiis,
416 1474 531 1542 fuga
547 1476 743 1524 salutem
765 1475 1012 1540 quaesiere3
1049 1492 1248 1541 parsque
1283 1477 1629 1536 Bodunorum‚⁵

83 1555 164 1620 qui
190 1551 526 1603 Catwillaunis⁶
558 1555 796 1618 parebant,
819 1553 868 1601 in
889 1554 1031 1600 fidem
1054 1564 1251 1617 recepta.
1321 1553 1542 1603 Praesidio
1563 1554 1628 1602 ibi

72 1631 259 1691 relicto,
317 1631 522 1679 Plautius
554 1631 614 1685 ad
658 1647 843 1685 amnem
857 1635 873 1660 ⁷
924 1647 1212 1696 progressu8‚
1265 1631 1437 1690 hostes,
1499 1631 1628 1696 quasi

82 1708 375 1773 insuperabili
414 1708 545 1757 obice
591 1706 968 1768 defenderentur,
1017 1709 1066 1757 in
1099 1708 1355 1771 secordiam
1399 1708 1628 1758 resolutos

80 1782 277 1851 reperit:
307 1787 440 1851 jubet
465 1782 678 1844 ,Gallosf
728 1786 920 1834 flumina
956 1785 1005 1833 in
1048 1785 1187 1835 armis
1224 1797 1405 1834 tranare
1449 1785 1624 1846 solitos,

81 1869 117 1892 “
130 1863 355 1928 impetum
389 1862 438 1911 in
475 1879 555 1911 eos
587 1861 768 1911 facere:
805 1862 912 1911 viris
956 1879 1175 1927 parcere3
1213 1863 1295 1911 sed
1334 1880 1479 1928 equos
1521 1863 1625 1912 telis

78 1946 115 1970 “
137 1941 305 2007 figere:
341 1951 492 1989 cetera
530 1957 581 1988 se
614 1940 956 2008 provisurum.'’⁴
1020 1943 1152 1990 Iussa
1173 1938 1402 1989 facessunt
1434 1940 1620 1990 alacres.

77 2018 303 2079 Britanni,
320 2017 547 2085 insperata
560 2018 750 2068 audacia
772 2019 1043 2084 perturbati,
1059 2019 1108 2068 in
1122 2019 1281 2068 esseda
1293 2022 1311 2050 ⁹
1325 2036 1373 2067 se
1387 2034 1617 2082 recepere.

891 2229 993 2268 Wall
1010 2232 1179 2279 repertus
1208 2232 1275 2272 est,
1309 2226 1493 2264 dicuntur
1527 2226 1619 2265 Cat-

885 2284 1070 2320 willauni.
1152 2282 1209 2319 Cl
1223 2281 1259 2317 V
1273 2280 1460 2317 ITATE
1523 2281 1554 2318 C
1567 2282 1622 2317 A·

884 2335 1214 2374 TVVILLAV
1230 2333 1482 2371 NORVM.
1518 2334 1620 2371 Vide

890 2391 1089 2428 Transact.
1114 2388 1216 2426 Plzil.
1240 2387 1316 2425 vol.
1345 2399 1447 2425 xxx.
1466 2399 1504 2424 n.
1525 2385 1619 2425 356.

886 2457 925 2494 p.
945 2448 1035 2481 813.
1088 2442 1260 2479 Tenuere
1279 2441 1504 2491 provincias,
1523 2454 1618 2491 quas

132 2221 146 2240 ¹
165 2225 231 2262 Ad
248 2224 494 2265 Occidentem.
549 2227 678 2274 Quem
706 2228 811 2266 navi-

78 2278 200 2327 gando
216 2281 407 2329 petebant.
441 2282 532 2329 Dio,
547 2282 643 2320 ibid.
673 2282 734 2319 De
751 2282 808 2319 his

78 2332 227 2370 facibus
244 2333 334 2370 vide
347 2334 530 2382 Plinium,
549 2348 597 2374 11.
615 2333 681 2374 26.

127 2382 147 2401 ²
178 2386 464 2437 Fatigaverant.
510 2389 619 2427 ‘Vide
653 2390 805 2429 Julium

78 2437 278 2487 Caesarem,
299 2441 397 2478 Bell.
418 2442 524 2480 Gall.
543 2455 583 2480 v.
602 2447 624 2481 8
643 2451 683 2482 et
699 2459 777 2495 seq.

138 2490 408 2533 ³Catarataco.
466 2496 556 2542 Dio,
570 2508 641 2534 Lx.
658 2511 697 2548 p.
712 2497 806 2543 678.

77 2548 636 2645 ...gnssffiegcffimffiffig
629 2605 679 2643 md

128 2653 143 2675 ⁵
158 2615 327 2705 Parique
340 2656 590 2695 Bodunorum.
585 2617 597 2641 ι
608 2617 699 2705 1350,
709 2659 804 2697 ibid.

43 2734 53 2739 -
75 2709 239 2751 Boduni,
274 2708 357 2746 aliis
389 2710 483 2747 dicti
519 2710 692 2759 Dobuni,
719 2726 805 2763 pro-

73 2763 223 2800 vincias
239 2762 325 2800 illas
336 2763 570 2811 obtinebant,
587 2778 682 2814 quas
698 2779 802 2805 nunc

72 2815 237 2854 dicimus
256 2815 403 2867 Oxford
418 2817 495 2854 and
509 2817 717 2857 Glocester.

126 2864 431 2908 ⁶Catw2llaunis.
487 2873 523 2908 A
552 2873 688 2920 Dione,
708 2873 804 2912 ibid.

73 2923 319 2974 appellantui
358 2930 579 2962 Κωπελλανο
564 2923 606 2963 ol.
679 2903 737 2964 'At
765 2928 804 2964 in

66 2978 181 3015 veteri
218 2976 358 3027 lapide,
374 2978 441 3028 qui
478 2978 517 3017 in
544 2979 646 3019 vallo
679 2970 804 3019 'Picts-

887 2509 991 2534 nunc
1002 2508 1183 2534 vocamus
1174 2484 1256 2533 'the
1266 2495 1431 2533 counties
1443 2494 1619 2545 ofBuclt-r

885 2551 1048 2601 ingham,
1076 2548 1272 2600 Herlford
1288 2549 1364 2585 and
1367 2547 1564 2610 Bedford.

939 2601 955 2625 ⁷
989 2605 1054 2642 Ad
1078 2615 1229 2641 amnem.
1287 2597 1386 2639 Sane
1413 2602 1617 2647 Tamesim,

886 2670 991 2695 nunc
1010 2658 1071 2695 the
1102 2657 1271 2695 Thames.
1327 2655 1419 2703 Dio,
1446 2655 1523 2694 loc.
1548 2655 1614 2693 cit.

885 2709 968 2749 ’Em
986 2710 1134 2760 ποτιμξῐ
1145 2725 1222 2747 τινι.

941 2761 956 2782 ⁸
974 2765 1124 2807 Gallos.
1168 2765 1317 2814 Nempe
1329 2763 1540 2802 Germanos
1560 2763 1616 2799 in·

883 2818 1047 2864 feriores,
1097 2817 1300 2854 fluminum
1363 2817 1530 2863 accolas,
1576 2822 1614 2852 et

871 2871 1052 2909 ‘maxime
1065 2871 1243 2916 Batavos,
1263 2877 1306 2907 ut
1322 2870 1425 2908 recte
1443 2870 1615 2921 explicat

883 2925 1056 2963 eruditus
1074 2923 1302 2968 Bucherius,
1320 2923 1395 2962 loc.
1412 2924 1479 2961 cit.

936 2978 953 3000 ⁹
971 2979 1127 3018 Esseda.
1174 2978 1319 3016 Currus
1338 2983 1445 3017 erant
1464 2975 1613 3015 Britan-
