1768 3236
432 183 715 229 niALoGus
746 184 822 226 DE
850 187 1215 234 onAromBUS.
1513 195 1593 242 ης

45 294 221 362 grasse,
254 305 307 342 ut
328 309 517 342 omnem
537 291 747 340 omnium
777 292 944 340 artium
967 294 1229 345 varietatem
1264 296 1590 364 complectere.

45 384 137 421 tur.
205 373 364 436 Itaque
399 369 589 418 hercule
612 370 661 417 in
678 369 803 417 libris
827 369 1064 419 Ciceronis
1095 373 1441 437 deprehendere
1463 379 1587 441 licet,

45 465 142 498 non
177 448 460 515 geometriae,
493 464 589 495 non
611 446 818 505 musicae,
851 463 947 495 non
969 450 1299 513 grammaticae,
1333 470 1428 501 non
1461 457 1604 506 deni-->

42 543 138 592 que
162 526 298 573 ullius
319 525 532 590 ingenuae
555 524 662 572 artis
684 524 918 572 scientiam
935 525 976 572 ei
999 525 1212 575 defuisse.
1283 529 1366 577 Ille
1390 531 1588 582 dialecti-

43 615 114 653 cae
131 606 144 627 ¹
162 602 477 661 subtilitatem,
510 602 588 649 ille
618 601 804 655 moralis
834 601 974 664 partis
987 606 1005 624 ²
1040 603 1295 665 utilitatem,
1329 607 1406 655 ille
1428 626 1589 660 rerum

46 693 200 729 motus
222 697 472 744 causasque
494 679 739 745 cognovit:
776 679 837 726 ita
859 679 983 727 enim
1005 691 1090 740 est,
1125 682 1285 746 optimi
1307 684 1409 743 viri,
1443 685 1505 734 ita
1527 705 1590 738 ex

46 758 194 806 multa
229 757 502 815 eruditione,
535 774 596 804 ex
632 755 841 826 pluribxus
878 757 1067 818 artibus,
1102 769 1147 806 et
1183 760 1393 808 omnium
1430 779 1592 816 rerum

46 836 250 895 scientia,
292 837 496 883 exundat
532 846 576 883 et
613 835 837 882 exuberat
874 834 963 882 illa*
986 836 1263 886 admirabilis
1298 838 1558 904 eloquentia
1573 859 1589 892 z

45 929 198 978 neque
219 913 412 961 oratoris
434 913 501 961 vis
519 924 564 961 et
585 911 795 971 facultas,
814 912 930 971 sicut
952 925 1209 961 ceterarum
1230 931 1406 975 rerum,
1424 933 1592 983 angus-

44 991 101 1039 tis
122 1002 169 1039 et
190 991 404 1039 brevibus
439 991 644 1039 terminis
679 990 910 1038 cluditur:
946 992 1028 1038 sed
1049 991 1088 1039 is
1109 1003 1178 1039 est
1213 1003 1385 1051 orator,
1420 995 1499 1058 qui
1529 996 1591 1045 de

45 1069 174 1116 omni
208 1069 461 1133 quaestione
499 1068 712 1133 pulchre,
748 1080 794 1116 et
829 1068 1007 1128 ornate,
1041 1081 1087 1117 et
1123 1069 1181 1116 ad
1217 1071 1591 1134 persuadendum

43 1145 150 1210 apte
173 1146 343 1205 dicere,
377 1163 463 1210 pro
495 1146 713 1211 dignitate
751 1162 928 1204 rerum,
962 1147 1020 1193 ad
1044 1146 1283 1195 utilitatem
1304 1154 1598 1212 temporum,
1638 1145 1641 1149 ¹

44 1239 153 1271 cum
174 1223 409 1288 voluptate
430 1222 714 1272 audientium
735 1223 890 1288 possit.

111 1387 191 1427 31.
225 1380 360 1427 HAEc
386 1378 469 1427 sibi
491 1378 556 1426 illi
580 1389 756 1427 veteres
789 1379 1152 1442 persuadebant:
1188 1380 1248 1428 ad
1269 1379 1369 1430 haec
1393 1381 1589 1432 efficien-

46 1458 106 1505 da
141 1456 453 1522 intelligebant
473 1474 592 1521 opus
614 1474 730 1516 esse,
763 1474 859 1505 non
889 1469 941 1505 ut
963 1457 1205 1505 rhetorum
1241 1459 1409 1507 scholis
1438 1461 1590 1509 decla-

45 1545 239 1593 marent,
272 1550 358 1582 nec
382 1547 433 1582 ut
455 1534 589 1595 fictis,
622 1551 708 1583 nec
732 1535 995 1591 ullomodo
1018 1536 1076 1583 ad
1098 1536 1335 1584 veritatem
1369 1538 1590 1586 acceden-

42 1611 180 1671 tibus,
213 1612 561 1660 controversiis³
598 1613 804 1678 linguam
842 1614 987 1661 modo
1020 1624 1065 1662 et
1098 1630 1261 1662 vocem
1298 1627 1588 1674 exercerent,

40 1690 123 1738 sed
146 1700 198 1737 ut
218 1689 288 1737 his
309 1689 483 1737 artibus
522 1701 682 1754 pectus
714 1690 975 1754 implerent,
1008 1691 1057 1738 in
1086 1691 1253 1755 quibus
1276 1691 1335 1738 de
1368 1692 1501 1739 bonis
1530 1709 1586 1741 ac

39 1766 191 1826 malis,
225 1767 284 1814 de
323 1766 517 1814 honesto
538 1784 592 1816 ac
615 1766 756 1832 turpi,
791 1769 850 1816 de
879 1771 1004 1834 justo
1033 1779 1079 1816 et
1109 1768 1279 1833 injusto
1314 1767 1586 1832 disputatur.

43 1844 162 1892 Haec
185 1843 308 1891 enim
329 1855 397 1891 est
420 1844 590 1893 oratori
612 1846 815 1910 subjecta
837 1845 1168 1902 addicendum
1191 1845 1392 1893 materia.
1462 1846 1593 1899 Nam

38 1920 91 1972 in
101 1921 282 1986 judiciis
303 1919 403 1969 fere
427 1922 485 1969 de
506 1922 736 1986 aequitate,
770 1922 818 1969 in
840 1922 1240 1970 deliberationibus
1271 1923 1329 1970 de
1352 1922 1591 1972 honestate

39 1998 253 2058 dicimus,
286 1998 348 2046 ita
384 2011 436 2046 ut
474 1999 751 2064 plerumque
781 2001 881 2048 haec
916 2001 1012 2064 ipsa
1047 2000 1243 2048 invicem
1278 1999 1585 2051 misceantur:

40 2075 100 2123 de
135 2077 303 2143 quibus
340 2077 542 2141 copiose,
577 2088 622 2125 et
644 2078 788 2137 varie,
822 2090 867 2126 et
889 2078 1050 2126 ornate
1074 2094 1212 2126 nemo
1236 2076 1388 2125 dicere
1419 2088 1587 2141 potest,

40 2152 127 2200 nisi
149 2153 229 2217 qui
252 2154 468 2219 cognovit
490 2166 702 2203 naturam
724 2157 994 2215 humanam,
1009 2167 1054 2203 et
1070 2155 1165 2204 vim
1182 2154 1421 2212 virtutum,
1440 2153 1589 2218 pravi-

40 2240 274 2295 tatemque
295 2230 537 2290 vitiorum,
559 2244 604 2280 et
625 2233 910 2282 intellectum
934 2249 1115 2291 eorum,
1139 2250 1244 2297 quae
1267 2248 1353 2279 nec
1376 2231 1425 2278 in
1445 2231 1588 2279 virtu-

37 2305 177 2366 tibus,
198 2323 364 2372 -neque
386 2307 434 2355 in
455 2308 572 2356 vitiis
604 2322 924 2358 numerantur.
993 2311 1070 2359 Ex
1103 2310 1173 2358 his
1209 2307 1413 2357 fontibus
1447 2307 1586 2357 etiam

91 2459 107 2478 ¹
136 2461 370 2501 Dialecticoe.
426 2465 485 2501 De
513 2462 590 2515 qui
617 2465 775 2511 Quinti·
846 2464 992 2511 Effice,
1021 2464 1122 2503 cert&
1151 2470 1234 2503 tota
1266 2463 1412 2502 oratori
1438 2468 1494 2501 est
1525 2475 1590 2501 ac·

37 2514 175 2562 limus,
193 2516 370 2554 Institut.
388 2516 496 2557 Orat.
517 2531 598 2557 111.
618 2524 656 2558 2.
677 2520 772 2558 Hoec
849 2520 1088 2558 commodata.

30 2582 126 2620 pars
161 2569 369 2615 dialectica,
411 2572 488 2610 sive
518 2572 621 2610 illam
652 2573 774 2611 dicere
901 2570 918 2587 ²
946 2572 1111 2610 M'oralis
1150 2571 1288 2622 partis.
1344 2570 1493 2616 Cicer0‚
1538 2570 1586 2607 de

35 2622 205 2661 malimus
238 2623 531 2673 disputatricem,
577 2632 640 2665 esc
668 2627 776 2666 utilis
848 2626 954 2671 Fato,
989 2639 1078 2676 cap.
1115 2631 1150 2663 1.
1213 2625 1298 2663 Nos
1334 2636 1412 2662 eam
1439 2629 1588 2674 partem

35 2688 131 2726 ηερε
148 2682 185 2715 et
197 2677 452 2726 finitionibus,
479 2683 517 2716 et
545 2681 775 2730 comprehen-
846 2680 1099 2730 philosophice,
1129 2679 1172 2716 de
1206 2678 1367 2716 moribus
1394 2678 1586 2727 appellare

33 2729 210 2775 tionibus,
248 2737 284 2768 et
315 2733 544 2781 separandis,
581 2746 662 2784 quae
690 2739 778 2771 sunt
848 2733 1026 2772 solemus:
1067 2733 1131 2771 sed
1160 2733 1263 2769 decet
1293 2735 1486 2782 augentem
1516 2730 1588 2768 lin·

37 2783 264 2831 differentia,
291 2790 328 2822 et
355 2786 572 2824 resolvenda
587 2785 780 2838 'ambigni-
847 2799 959 2837 guam
978 2785 1154 2824 Latinam
1171 2785 1358 2823 nominare
1375 2784 1565 2821 moralem.

34 2842 133 2883 tate,
176 2843 213 2875 et
250 2837 526 2890 distinguendo,
571 2840 795 2886 dividendo,
906 2836 921 2860 ²
947 2838 1235 2878 controversiis.
1291 2836 1436 2882 Quales
1447 2836 1585 2892 „adhuc

37 2889 239 2937 illiciendo,
283 2891 663 2941 implicanda—,Iam
704 2893 784 2943 qui·
851 2901 986 2931 extant
1031 2895 1182 2930 Senecae
1226 2897 1503 2938 controversiae,
1545 2894 1585 2929 et

34 2943 119 2993 βοαὶ
143 2954 239 2998 pars
257 2942 326 2984 illa
343 2946 507 2994 moralis,
535 2959 614 2999 quoe
642 2947 784 2986 dicitur
853 2946 1083 2992 Quintiliani
1101 2944 1408 2988 declamationes.
