1768 3236
86 221 124 261 J.
152 221 200 260 C.
227 223 294 258 43.
530 216 678 254 LIBRI
708 214 851 254 NONI
882 214 1200 253 ANNALIUM.
1542 222 1621 266 393

87 323 215 372 sione
237 319 334 371 uua
356 318 479 379 data,
511 318 679 379 sulae,¹
702 318 844 366 altera
864 301 1028 377 Drusi,
1049 317 1192 366 astera
1214 293 1483 370 oemmfici
1511 310 1624 382 filia,

52 399 152 450 “D.
176 398 380 466 Augusti
401 408 665 462 proneptes,
697 396 825 445 ferro
846 395 1026 445 fameve
1048 407 1236 444 enectae.

90 573 99 577 Χ
140 560 221 603 49.
256 554 390 602 Hffic
417 554 643 602 Caesareae
666 551 838 600 domus
850 550 1017 600 funera
1039 551 1223 602 Claudii
1245 568 1359 601 nece
1381 555 1621 604 cumulare

81 630 386 680 meditabatur
401 648 542 695 eques
566 631 822 679 Romanus.
890 631 1122 679 ScelusL.
1149 629 1297 689 Otho,
1319 632 1622 695 prodentibus

82 708 242 768 serviS,
271 707 513 772 comperit,
558 719 604 756 et
637 707 827 766 detexit,
871 706 1041 773 magna
1080 707 1269 772 quidem
1316 725 1427 757 cum
1465 709 1619 771 laude,

81 786 213 853 quod
235 803 356 836 anno
377 784 630 850 superiore,
664 785 731 833 uti
756 787 854 851 jam
883 784 1120 844 diximus,
1147 784 1293 851 gratia
1309 787 1433 850 apud
1449 787 1622 837 Princi-

80 882 190 931 pem
211 865 458 915 exciderat.
530 862 703 912 Reus
682 880 710 910 a
731 863 926 912 tribunis
938 862 1083 928 plebis
1106 874 1151 912 et
1167 863 1477 912 consulibus
1455 881 1483 913 e
1507 867 1622 914 Tar-

74 943 186 1010 'peia
220 961 338 1008 rupe
351 947 364 971 ³
388 943 592 1008 dejectus
636 951 717 989 est.
788 941 910 989 Mox
932 941 991 988 de
1029 943 1087 989 L.
1127 940 1341 989 Othonis
1366 942 1622 992 honoribus

31 1041 35 1045 ·
82 1022 407 1072 consultatum.
476 1012 670 1068 Senatus
719 1034 828 1066 eum
881 1017 1111 1066 rarissimo
1156 1019 1352 1078 honore,
1386 1019 1536 1068 statua
1570 1020 1621 1070 in

79 1100 246 1166 palatio
301 1095 465 1163 posita,
515 1107 786 1162 prosecutus
842 1098 946 1144 est.⁴
1035 1096 1258 1146 Claudius
1313 1107 1520 1163 quoque,
1566 1108 1620 1147 ut

80 1177 284 1243 praestito
339 1173 509 1234 officio,
554 1174 616 1222 ita
662 1173 927 1222 liberalitate
983 1174 1152 1238 potior,
1204 1174 1446 1223 Othonem
1500 1175 1621 1224 inter

78 1254 290 1321 patricios
310 1253 480 1319 adlegit
499 1272 513 1314 3
550 1252 909 1318 collaudansque
930 1251 1218 1316 amplissimis
1239 1252 1407 1312 verbis,
1421 1264 1425 1273 “
1439 1253 1618 1318 adjecit.

82 1339 112 1363 “
128 1334 282 1383 virum
314 1349 429 1391 esse,
468 1347 564 1396 quo
602 1330 816 1379 meliores
870 1329 1039 1378 liberos
1095 1330 1268 1379 habere
1322 1336 1383 1379 ne
1439 1342 1619 1395 optaret

80 1417 115 1441 “
136 1411 376 1478 quidem.’'

144 1576 225 1616 50.
259 1569 388 1615 Tum
421 1566 574 1615 oblata
606 1565 811 1624 tandem,
844 1581 951 1629 quae
985 1580 1069 1628 per
1106 1574 1177 1611 tot
1204 1579 1350 1612 annos
1389 1562 1616 1625 defluerat,

76 1644 563 1694 bellorumlmateries.
633 1642 860 1701 Bericus,⁵
885 1641 1052 1706 aliique
1074 1658 1135 1690 ex
1158 1639 1395 1690 Britannia
1418 1643 1479 1690 ob
1502 1642 1640 1691 sedi-'

77 1723 250 1771 tionem
289 1720 497 1788 profugi,
537 1721 752 1779 insulam,
769 1773 772 1779 ¹
787 1719 816 1767 a
850 1721 914 1768 D.
949 1719 1072 1769 Julio
1110 1717 1332 1784 prospere
1378 1730 1615 1780 tentatam,

74 1817 200 1849 nunc
223 1799 482 1848 domesticis
499 1789 854 1855 dissensionibus
876 1809 922 1846 et
942 1795 1185 1868 inexperta
1201 1809 1435 1848 novorum
1447 1812 1617 1863 regum

74 1890 207 1928 aetate
228 1877 349 1926 vinci
371 1875 571 1936 facilem,
608 1877 805 1927 Claudio
841 1877 1228 1925 demonstravere.
1296 1873 1372 1924 Εὸ
1395 1873 1615 1923 libentius

72 1956 230 2015 auditi,
264 1955 395 2021 quod
416 1954 638 2019 triumphi
660 1955 802 2004 decus
832 1964 1061 2019 quaereret
1080 1951 1319 2017 Princeps,
1357 1967 1444 2000 nec
1475 1967 1614 2000 occu-

73 2029 294 2098 pationes,
317 2049 423 2097 quae
446 2032 654 2080 libidines
691 2049 796 2081 suas
826 2032 1110 2090 occulerent,
1127 2040 1413 2079 aversaretur
1433 2031 1614 2078 Messa·

75 2111 180 2159 lina.
247 2112 442 2175 Insuper
476 2109 685 2158 Britanni
707 2093 768 2159 ob
790 2126 888 2158 non
910 2107 1115 2158 redditos
1148 2105 1409 2173 transfugas
1441 2105 1613 2155 tumul-

124 2341 314 2380 ’.Ῑαίἱιε.
351 2341 503 2380 Sueton.
563 2343 603 2380 in
663 2342 806 2380 Claud.
871 2355 939 2392 que
975 2340 1158 2385 occidisti,
1196 2338 1395 2389 antequam
1422 2339 1467 2377 de
1495 2338 1609 2378 camd

72 2407 201 2433 xx1x.
223 2396 315 2441 Dio,
335 2407 406 2433 Lx.
426 2410 464 2446 p.
485 2393 577 2440 677.
597 2402 635 2434 et
659 2396 803 2434 Seneca
871 2407 1121 2446 cognosceres,
1128 2394 1326 2443 antequam
1339 2392 1502 2451 aadires,
1509 2394 1610 2432 dam-

69 2450 108 2487 in
145 2449 427 2500 Apocolocynt.
481 2451 701 2500 Augustum
748 2449 804 2503 ita
872 2448 1002 2490 ndsti?
1030 2448 1200 2497 hocfieri
1218 2448 1359 2485 solet?
1370 2444 1409 2483 in
1428 2447 1516 2485 caelo
1534 2461 1607 2485 non

69 2502 290 2554 loquentem
301 2503 473 2541 mdumt
503 2504 597 2549 Hic,
612 2504 660 2541 P.
675 2502 719 2542 C.
737 2504 801 2554 qui
855 2504 927 2552 fit.
986 2502 1046 2539 De
1066 2500 1231 2550 utraque
1250 2497 1359 2539 ,Iulia
1379 2499 1466 2538 vide
1487 2501 1603 2538 Stem-

70 2557 172 2595 vobis
205 2570 277 2595 non
310 2569 415 2607 posse
454 2556 605 2595 videtur
642 2570 801 2596 muscam
873 2556 970 2594 Caes.
988 2569 1027 2593 n.
1043 2559 1095 2599 74
1112 2562 1149 2592 et
1166 2558 1231 2599 97.

69 2611 244 2656 excitare,
262 2616 338 2648 tam
341 2609 466 2662 facil&
484 2610 643 2649 homines
660 2610 802 2649 occide·
924 2607 1147 2647 ²Diximus.
1203 2609 1328 2659 Supra
1348 2620 1435 2658 cap.
1453 2612 1519 2645 43.

70 2663 146 2710 bat,
181 2665 289 2715 quam
328 2663 430 2702 canis
465 2669 550 2701 exta
583 2664 800 2702 edit—Iste
926 2660 1119 2713 ³Tarpeid
1154 2674 1256 2713 rupe.
1332 2661 1422 2708 Dio,
1458 2673 1532 2699 Lx.
1568 2675 1607 2712 p.

70 2730 173 2778 quen?
190 2718 338 2762 videtis,
350 2731 420 2767 per
438 2723 497 2755 tot
507 2731 622 2756 annos
640 2718 706 2755 sub
723 2731 800 2755 meo
869 2713 961 2761 677.
1019 2717 1078 2754 De
1099 2728 1194 2766 rupe
1226 2715 1390 2766 Tarpeia
1411 2716 1495 2765 jam
1525 2715 1607 2753 dic-

67 2771 211 2808 nomine
227 2772 360 2817 latens,
395 2772 488 2810 hanc
516 2772 606 2809 mihi
634 2772 801 2822 gratiam
870 2777 952 2808 tum
983 2770 1123 2808 Annal.
1152 2782 1211 2807 v1.
1250 2774 1311 2814 19.
1339 2778 1377 2807 et
1412 2769 1513 2807 Hist.
1537 2780 1606 2808 111.

31 2861 34 2863 .
69 2825 214 2871 retulit,
233 2830 275 2862 ut
308 2826 400 2863 duas
429 2824 570 2872 Julius,
601 2830 801 2876 proneptes
872 2827 938 2867 71.

68 2890 178 2923 meas,
204 2874 401 2924 occideret,
429 2879 585 2916 alteram
587 2878 717 2930 ferro
745 2879 800 2916 al·
922 2875 942 2897 4
960 2876 1207 2915 Prosecutus
1217 2880 1284 2913 est.
1341 2877 1436 2914 Haec
1460 2883 1499 2914 et
1524 2889 1602 2926 seq

68 2907 432 2982 teramfame—D’ic
442 2932 544 2978 milti,
559 2932 643 2970 dive
654 2931 802 2980 Claudi,
872 2931 1027 2969 Sueton.
1046 2931 1085 2968 in
1102 2930 1267 2975 Othone,
1297 2941 1326 2966 1.

67 2996 182 3034 quare
201 2998 411 3036 qumquam
425 2999 468 3023 ex
487 2986 556 3029 his,
574 2998 676 3035 quos,
692 2999 801 3037 quas·
926 2982 941 3005 ⁵
964 2983 1133 3022 Ber-icus.
1163 2983 1253 3030 Dio,
1275 2995 1345 3020 Lx.
1362 2995 1399 3032 p.
1414 2979 1509 3027 677.
