1768 3236
725 174 1181 217 SUPPLEMENTUM
1425 142 1488 219 μΑ.
1499 179 1551 220 U.
1567 181 1619 223 C.
1631 184 1737 232 7991,

174 185 257 223 432

175 305 212 331 “
245 297 482 366 sylvarum
499 298 515 322 ¹
536 295 733 359 nobiles,
765 299 825 348 ab
862 297 971 364 ipsis
1008 296 1179 365 aspici;
1198 299 1217 321 ²
1249 296 1436 348 advenis
1455 298 1760 368 sibi‘occuzv·

175 384 212 410 “
245 394 378 440 sare3
413 389 550 427 notos
571 377 708 426 etiam
730 376 1012 443 commercio
1029 394 1044 425 ι
1079 387 1260 443 patrem
1279 393 1418 426 suum
1439 377 1511 432 eb
1523 394 1734 443 comme-a

177 461 214 488 “
248 455 378 507 fisse:
430 455 535 505 illos
578 456 806 506 excedere
845 454 1091 505 hominum
1129 454 1553 522 magnitudinem‚³'
1578 456 1738 509 rutilis

180 648 226 674 ex
245 635 421 687 lanugine
437 641 476 673 et
494 635 638 687 liquore
656 636 808 675 mixtam
835 636 919 676 sub-

990 632 1106 674 demie
1124 634 1268 687 Royale
1285 634 1349 673 cles
1366 633 1633 685 Inscriptions.
1647 631 1734 674 vol-⁸

179 689 360 730 tilitatem
372 690 610 729 tenerrimam
622 697 778 742 pectunt
794 707 809 736 ,-
831 705 918 730 nen-

991 702 1142 729 xxxn.
1180 703 1220 740 p.
1261 686 1355 728 600.
1410 688 1525 727 Forte
1569 702 1623 741 qu
1677 701 1733 728 ue

181 750 309 796 tesque
334 744 579 795 subtegmina,
608 745 809 796 conficiunt
827 746 920 784 seri-

182 811 278 845 cum,
322 799 372 836 ad
414 812 502 836 usus
534 799 693 837 antehac
728 799 917 846 nobilium,

181 866 280 891 nunc
300 852 410 890 etiam
428 852 636 902 infimorum
654 852 734 891 sine
747 852 827 892 ulla
844 854 918 893 dis-

183 905 349 946 cretione
391 906 602 957 proficiens.
657 907 742 957 Ipsi
777 914 918 958 proeter

182 961 279 1000 alios
299 959 570 1013 frugalissimi,
593 961 802 1012 pacatioris
831 963 918 1001 vitoe

183 1014 360 1061 cultores,
387 1014 551 1052 vitantes
570 1015 797 1066 reliquorum
820 1030 917 1055 mor-

183 1068 315 1108 talium
335 1074 461 1106 caetus.
517 1067 679 1120 Cumque
694 1071 744 1108 ad
759 1084 919 1109 coemen-

182 1123 233 1162 da
261 1122 342 1172 fila
377 1128 414 1160 et
449 1123 613 1173 quoedam
647 1123 724 1162 alia
751 1123 918 1175 fluvium

182 1176 408 1215 transierint
421 1177 583 1225 advenae,
593 1177 698 1216 nulld
713 1192 918 1217 sermonum

182 1231 264 1270 vice
278 1230 558 1281 propositarum
576 1245 701 1276 rerum
717 1233 844 1282 pretia
861 1247 919 1272 so-

181 1284 232 1323 lis
248 1284 365 1323 oculis
384 1285 630 1324 aestimantur.
684 1287 739 1324 Et
758 1287 814 1325 ita
831 1293 919 1325 sunt

183 1338 423 1385 abstinentes,
458 1345 502 1377 ut
535 1340 635 1390 apud
660 1355 698 1378 se
728 1342 919 1379 tradentes

180 1392 396 1444 gignentia,
425 1393 520 1431 nihil
537 1393 610 1444 ipsi
626 1400 840 1446 comparent
855 1396 920 1433 asl-

183 1446 389 1485 veetitium.
446 1447 554 1485 Seras
573 1454 712 1496 tamen,
741 1462 835 1499 quos
853 1446 918 1488 hie

151 1538 156 1550 ,
184 1508 372 1538 memorat
391 1498 554 1549 Rachia,
581 1515 657 1540 non
686 1503 743 1540 ita
771 1503 919 1542 dissitos

186 1554 301 1593 fuisse
329 1554 354 1592 ὲ,
379 1555 661 1606 Taprabonitis,
703 1557 767 1594 sed
798 1558 920 1609 ipsam

184 1608 405 1647 Australem
425 1609 559 1648 insulae
571 1610 817 1661 Taprobanes
835 1624 919 1663 par-

186 1669 263 1700 tem
299 1661 489 1701 habit-asse
526 1664 716 1715 ingeniose
763 1666 922 1716 conjicit

187 1716 250 1754 Cl.
272 1717 484 1765 d’Anville,
501 1718 703 1758 Memoires
722 1719 767 1756 de
786 1719 923 1758 l’Aca-

186 1770 301 1809 dtmie
319 1770 464 1823 Royale
483 1773 547 1810 des
565 1773 594 1810 Ι
593 1773 832 1824 rescriptions,
843 1774 920 1812 vol.

187 1836 339 1863 xxxn.
386 1839 423 1876 p.
470 1823 563 1866 602.
642 1827 921 1867 Difficultatem

187 1878 339 1916 tantum
372 1879 534 1927 facessit,
561 1881 668 1932 quod
693 1881 793 1919 ultra
817 1895 924 1921 mon-

187 1938 243 1970 tes
263 1932 431 1971 Emodos
450 1933 638 1974 locentur.

244 2039 258 2057 ¹
290 2040 447 2079 Lanicio
463 2044 668 2093 sylvarum.
724 2044 787 2081 Ex
804 2044 920 2082 modo

187 2092 355 2133 laudatis
369 2095 490 2133 'Plinii
510 2097 786 2148 Ammianique
816 2098 923 2136 Mar-

188 2149 319 2187 cellini
338 2149 576 2198 testimoniis,
604 2151 796 2190 videretur
813 2152 922 2190 Seras

186 2215 263 2240 non
280 2216 330 2241 ex
348 2204 616 2255 bombycibus,
643 2206 706 2243 sed
732 2219 780 2244 ex
807 2205 923 2257 sylvis

187 2257 446 2308 arborumque
464 2259 662 2298 frondibus
680 2267 719 2298 et
732 2260 922 2299 fructibus

187 2311 353 2349 sericum
392 2312 571 2350 texuisse.
629 2314 748 2360 Quod
786 2315 924 2353 sentire

187 2377 345 2416 quoque
362 2364 515 2404 videtur
525 2366 726 2420 Virgilius,
742 2369 923 2420 Georgic.

189 2429 239 2456 11.
261 2423 351 2458 121.

193 2521 370 2556 Velleraque
382 2525 514 2558 utfoliis
526 2524 686 2559 depectant
698 2527 806 2553 tenuia
820 2526 902 2553 Seres
910 2528 926 2552 .⁹

189 2628 287 2667 Rem
316 2631 421 2682 apud
451 2624 642 2670 Romanos
675 2633 925 2684 divulgatam,

187 2684 428 2733 probabilem
452 2685 543 2724 fecit
566 2687 609 2725 P.
628 2686 828 2735 Visdelou,
857 2689 924 2726 do-

187 2737 348 2789 cuitque
377 2738 416 2776 in
444 2741 594 2790 regione
612 2741 749 2793 Eygur
765 2755 844 2780 esse
863 2755 924 2781 ar-

186 2790 406 2840 busculam,
420 2793 441 2830 ὲ
460 2795 573 2845 cujus
591 2795 722 2833 fructu
740 2796 922 2836 educitur

185 2843 297 2883 filum
331 2847 645 2887 candidissimum
679 2855 718 2887 et
752 2851 923 2889 tenuissi‘

186 2910 308 2946 mum,
337 2901 404 2939 cui
437 2914 575 2940 nomen
610 2902 764 2943 Thie'lie.
820 2905 921 2943 Vide

186 2951 249 2992 el.
269 2954 481 3006 d’Anville,
510 2956 713 2997 Me‘moires
730 2959 776 2997 de
794 2958 922 3000 [Ἀσα-

992 750 1178 795 usurpata
1205 742 1310 781 fuere'
1327 741 1351 780 ὲ,
1369 742 1540 790 Seribus,
1567 739 1629 782 uti
1685 757 1727 783 o-

989 798 1127 848 dieque
1161 797 1186 836 ὲ
1219 796 1439 835 Sinensibus
1476 798 1729 849 usurpanmr,

988 851 1206 903 longissima
1223 851 1290 889 fila
1306 851 1440 898 serica,
1467 864 1556 902 quae
1583 851 1730 904 magni

989 904 1104 957 copia
1121 919 1189 957 per
1206 907 1358 944 arbores
1374 912 1413 943 et
1430 917 1587 955 campos
1600 904 1624 943 ὲ
1639 906 1727 959 qui-

991 961 1153 998 busdam
1194 972 1398 999 erucarum
1443 958 1642 1011 speciebus
1666 955 1726 999 'in

989 1013 1190 1064 provincia
1237 1014 1452 1065 Clean-teng
1496 1012 1727 1055 funduntur.

993 1069 1092 1106 Vide
1113 1070 1156 1107 P.
1176 1069 1228 1107 du
1249 1068 1390 1115 Halde,
1415 1067 1661 1119 Description
1679 1069 1725 1109 de

989 1123 1176 1175 l’Empire
1203 1124 1248 1161 de
1276 1123 1314 1161 la
1342 1122 1470 1169 Chine,
1498 1121 1574 1160 vol.
1605 1133 1656 1162 11.
1683 1136 1728 1176 p.

989 1181 1082 1221 207.
1134 1178 1169 1215 T
1173 1190 1249 1215 unc
1294 1177 1418 1215 forent
1460 1175 1728 1227 distinguenda

988 1231 1110 1270 serica
1127 1245 1176 1269 cx
1195 1231 1409 1278 arboribus,
1437 1237 1476 1268 et
1494 1230 1727 1282 bombycina

989 1286 1011 1324 ὲ
1056 1286 1324 1338 bombycibus.
1382 1285 1469 1322 Nec
1514 1292 1600 1323 tum
1644 1291 1727 1326 erat

991 1339 1108 1377 unica
1161 1340 1396 1390 bombycum
1441 1339 1597 1389 species,
1659 1340 1726 1380 sed

992 1393 1215 1444 multiplex,
1240 1401 1284 1431 ut
1307 1393 1433 1432 videre
1451 1399 1507 1430 est
1523 1392 1629 1443 apud
1646 1393 1728 1432 Pli-

991 1447 1112 1494 nium,
1142 1459 1205 1485 x1.
1226 1452 1277 1486 22
1297 1453 1336 1485 et
1353 1450 1419 1485 23.
1448 1447 1619 1484 nondum
1649 1460 1728 1486 me·

992 1511 1117 1540 morat
1136 1501 1342 1548 Sinensem,
1370 1500 1592 1538 lndicamve
1618 1501 1726 1540 bom-

993 1555 1100 1606 bycis
1117 1555 1299 1607 speciem,
1314 1567 1400 1605 quae
1418 1555 1523 1605 apud
1536 1567 1604 1592 nos
1620 1567 1727 1596 nuuc
1759 1577 1763 1579 >

991 1609 1262 1660 vulgatissima.
1318 1609 1450 1647 Serica
1488 1613 1526 1647 et
1555 1609 1727 1663 Bomby-
1763 1610 1766 1613 ’

992 1663 1080 1701 cina
1108 1663 1310 1714 distinguit
1329 1662 1488 1714 Ulpian.
1507 1663 1546 1701 in
1578 1664 1725 1715 Digest.

994 1717 1100 1756 Libr.
1129 1730 1289 1755 xxxw.
1315 1716 1394 1764 Tit.
1424 1722 1462 1756 2.
1493 1717 1539 1755 de
1566 1730 1660 1756 auro
1687 1723 1727 1758 et

993 1777 1151 1823 argento
1183 1771 1332 1823 legatis.
1362 1771 1452 1822 Leg.
1479 1775 1546 1810 23.
1605 1771 1728 1811 Vesti-

992 1831 1197 1864 mentorum
1214 1831 1302 1864 sunt
1323 1826 1430 1863 lanea
1447 1825 1581 1868 omnia,
1610 1815 1726 1867 liuba-

993 1893 1074 1930 que,
1103 1879 1164 1918 vel
1178 1880 1311 1926 serica,
1339 1880 1399 1917 'oet
1417 1878 1643 1931 bombycina.
1671 1894 1677 1901 ²

1049 1931 1067 1949 ²
1095 1934 1155 1971 Ab
1176 1934 1263 1984 ipsis
1281 1933 1411 1984 aspici.
1467 1933 1500 1970 E
1517 1933 1726 1985 longinquo

995 1987 1151 2037 quidem
1195 1988 1494 2038 aspiciebantur,
1536 1987 1726 2038 siquidem

994 2042 1163 2092 ingentes
1180 2048 1218 2079 et
1237 2041 1351 2079 maris
1367 2048 1406 2079 et
1425 2048 1611 2081 terrarum
1621 2037 1728 2080 'tl-dc·-

994 2101 1055 2133 tus
1100 2096 1396 2134 intercedebant.
1479 2098 1534 2133 At
1579 2106 1729 2153 semper

996 2150 1315 2188 commerciorum
1355 2147 1474 2188 caus&³
1509 2148 1728 2200 longinque

994 2205 1162 2255 regiones
1179 2205 1321 2255 petitae.
1373 2204 1396 2243 J
1400 2216 1463 2241 am
1481 2203 1606 2242 multo
1623 2202 1728 2252 aute,

994 2270 1070 2296 non
1103 2258 1219 2296 modo
1256 2258 1546 2305 Maracandam,
1576 2255 1737 2296 Samar-

994 2312 1106 2359 kand,
1132 2313 1196 2350 sed
1213 2318 1250 2350 et
1267 2311 1458 2350 Persidem
1474 2313 1525 2349 ob
1543 2317 1730 2351 commer-

995 2367 1057 2404 cia
1077 2367 1248 2404 Sinenses
1264 2366 1450 2412 adierant,
1465 2373 1511 2404 ut
1526 2365 1654 2404 videre
1670 2370 1743 2405 αἱ·
1761 2366 1768 2375 ’

994 2420 1033 2458 in
1050 2433 1182 2458 eorum
1202 2419 1387 2458 Historia.
1427 2421 1552 2458 Immo
1568 2420 1619 2457 ob
1638 2419 1728 2469 illas

993 2474 1219 2525 longinquas
1241 2474 1557 2525 peregrinationes
1579 2479 1730 2525 reperfta

994 2529 1044 2566 ab
1073 2529 1163 2580 ipsis
1191 2529 1343 2566 videtur
1370 2528 1483 2580 pyxis
1500 2526 1728 2579 magnetica,

993 2595 1113 2632 quam
1143 2583 1220 2621 suis
1246 2582 1424 2621 curribus
1455 2583 1654 2636 aptabant,
1681 2589 1729 2622 ut

993 2634 1112 2686 ipsius
1145 2650 1218 2688 ope
1251 2637 1350 2675 inter
1386 2636 1537 2675 viarum
1582 2635 1731 2675 incerta

995 2703 1151 2729 cursum
1171 2690 1386 2741 dirigerent.
1419 2689 1554 2728 Talem
1573 2689 1738 2742 pyxidin'

994 2745 1218 2795 magneticae
1239 2758 1353 2783 usum
1381 2749 1568 2783 memorat
1593 2739 1730 2791 eorum,

995 2798 1167 2837 Historia
1198 2800 1270 2837 sub
1301 2798 1536 2850 Imperiatore
1567 2796 1732 2852 Tenis}-

995 2851 1144 2905 Ouang,
1172 2853 1223 2891 ad
1239 2866 1374 2891 annum
1396 2849 1515 2891 1106.
1534 2851 1648 2891 A.C.
1665 2860 1667 2862 '

1048 2903 1062 2925 ³
1084 2907 1289 2946 Hominum
1297 2906 1603 2958 magnitudinem.
1630 2905 1730 2944 Haec

993 2964 1032 2999 et
1049 2974 1129 3014 seq.
1149 2961 1328 3010 Plin.⁴v1.
1349 2965 1416 3001 22.
1467 2961 1557 3002 Jam
1578 2958 1737 2999 monui·
