1768 3236
46 165 150 207 LC.
167 168 234 204 42.
490 151 638 198 LIBRI
669 157 813 197 NONI
842 157 1162 197 ANNALIUM.

1515 163 1592 204 371

20 275 391 335 xprorogatoque
405 264 422 287 ¹
456 279 541 328 per
574 272 726 311 totum
747 277 924 309 annum
958 260 1167 310 Caecinae.
1191 259 1476 327 magistratu,
1497 260 1595 327 ipse

53 342 260 401 bimestri
283 342 502 409 dignitate
517 343 534 364 ²
567 357 615 389 se
632 339 875 399 abdicavit,
897 338 1010 387 nihil
1033 350 1195 387 contra
1216 339 1342 405 leges
1365 357 1414 389 se
1437 339 1610 391 fecisse

46 422 350 490 jurejurando
403 417 671 485 professus?
717 420 891 483 majore
940 416 1153 476 vanitate,
1210 417 1354 482 quam
1391 418 1594 467 veritate.

53 500 235 552 consul
268 496 410 558 enim,
443 509 489 546 et
529 507 661 547 extra
691 497 960 560 honorem,⁴
999 495 1115 561 juris
1149 495 1337 544 dicundi
1371 496 1596 556 assiduus,

51 592 407 641 nonnumquam
441 575 471 624 5,
505 573 781 640 praescriptis
816 573 976 639 legum
998 573 1275 631 discedebat,
1315 566 1598 638 quandoque

8 717 15 725 ι
52 672 116 704 ex
136 655 263 703 bono
277 665 324 702 et
346 670 500 718 aequo,
515 652 687 716 saepius
702 649 963 699 inconsulta
985 650 1124 698 animi
1146 650 1343 708 levitate,
1361 662 1407 698 et
1428 651 1599 699 amenti

53 730 245 781 similis!
301 732 461 780 Novas
483 742 638 778 tamen
661 730 787 795 leges
810 728 1031 786 condidit,
1049 727 1134 776 sua
1156 727 1364 786 utilitate,
1374 728 1599 793 >Principis

53 808 266 858 civilitate
283 809 510 873 probatas.
584 809 810 856 Rectores
831 807 955 856 enirn
979 805 1337 871 provinciarum,
1355 804 1529 853 diutius
1552 805 1599 851 in

14 903 21 906 “
55 885 192 935 Urbe
227 885 397 934 morari
436 885 610 944 solitos,
640 883 774 951 jussit
788 879 806 906 ⁶
838 884 887 932 in
918 901 992 932 eas
1021 895 1125 932 ante
1164 883 1391 931 Calendas
1414 881 1601 945 Apriles

55 962 316 1028 proficisci:
357 963 495 1012 simul
539 962 683 1011 vetuit
734 967 768 990 “
809 978 869 1009 ne
907 961 992 1009 sibi
1031 978 1117 1025 pro
1156 959 1344 1024 accepta
1384 959 1601 1024 dignitate

58 1046 94 1069 “
129 1041 295 1106 gratias
325 1053 515 1106 agerent
530 1042 583 1101 ;'’
619 1038 854 1105 professus
888 1044 922 1067 “
961 1056 1011 1088 se
1031 1038 1323 1102 Principem3
1360 1028 1482 1102 ipsos
1505 1054 1603 1085 esse

58 1122 95 1148 “
129 1117 413 1182 principatus
434 1119 694 1183 adjutores:
720 1117 842 1181 apud
866 1133 914 1164 se
936 1115 1129 1181 gratiam
1153 1115 1430 1178 laudemque
1446 1126 1603 1162 nactu-

61 1200 96 1226 “
130 1211 226 1255 ros,
264 1194 302 1243 si
338 1213 398 1244 ex
427 1195 690 1260 provinciis,
727 1195 877 1243 officio
918 1192 1103 1259 egregie
1128 1190 1375 1256 perfuncti,
1408 1202 1606 1240 reverte-

62 1277 97 1301 “
130 1269 345 1320 rentur-’⁵
435 1273 614 1338 Legem
657 1272 847 1336 Papiam
889 1271 1158 1335 Poppaeam,
1205 1268 1234 1316 a
1278 1268 1466 1317 Tiberio
1510 1271 1607 1334 jam

64 1349 326 1409 mollitam,⁷
357 1347 439 1398 sed
461 1349 509 1397 in
532 1350 621 1398 hoc
641 1349 786 1399 Urbis
814 1350 932 1398 luxu
965 1348 1117 1396 adhuc
1152 1347 1429 1413 graviorem,
1452 1347 1610 1394 mode-

65 1437 193 1475 ratus
225 1432 322 1476 est:
375 1438 422 1476 et
464 1426 824 1495 sexagenffios,⁸
859 1427 940 1493 qui
979 1442 1178 1476 uxorem
1221 1422 1611 1491 quinquagenaria

125 1607 140 1627 ¹
161 1610 463 1663 Prorogatoque.
519 1611 610 1658 Dio,
628 1612 720 1651 ibid.

123 1659 352 1709 ’'Bimestri
361 1666 560 1718 dignitate.
590 1667 748 1705 Sueton.
767 1667 804 1704 in

70 1714 215 1756 Claud.
233 1730 323 1757 xxv,

880 1618 1109 1653 crearentur,
1157 1610 1220 1647 sed
1264 1608 1413 1647 tantuin
1450 1614 1494 1645 ut
1522 1606 1612 1656 logis

881 1679 991 1718 poena
1004 1666 1199 1704 vitaretur.
1229 1664 1359 1713 Caput
1378 1662 1480 1699 istud
1500 1661 1613 1701 Tibe-

882 1721 1032 1758 rianum
1057 1718 1266 1768 obrogavit,
1293 1717 1332 1754 id
1352 1725 1419 1760 est,
1449 1715 1613 1753 mutavit

123 1767 141 1791 ³
166 1771 430 1822 Juregjurando
454 1773 658 1826 professus.
715 1775 806 1822 Dio,

70 1823 168 1863 ibid.
195 1825 656 1886 ObUtalejusjurandum,
674 1828 808 1878 Traja-

71 1889 181 1925 num,
208 1892 274 1930 qul
293 1881 441 1932 egregia
458 1882 695 1930 promiserat,
729 1895 809 1919 ma-

72 1932 163 1982 jora
194 1934 384 1984 praestitit,
418 1935 552 1973 laudat
586 1935 734 1973 Plinius
769 1936 809 1973 in

76 1986 301 2038 Panegyric.
322 2000 424 2026 Lx1v
443 1988 603 2032 ethv.

127 2036 151 2061 ⁴
192 2041 318 2080 Extra
364 2043 548 2081 honorem.
613 2042 818 2095 Abdicatov

77 2093 296 2133 consulatu.

132 2145 148 2168 ⁵
165 2146 320 2187 Amenti
332 2147 478 2186 similis.
508 2148 661 2187 Multus
680 2147 753 2186 hac
773 2149 812 2186 in

81 2213 122 2240 re
147 2201 304 2241 Sueton.
328 2202 368 2239 in
395 2201 536 2240 Claud.
572 2215 650 2240 xlv
682 2210 721 2240 et
741 2215 813 2240 xv.

0 2294 4 2301 ,
80 2267 242 2305 eamque
286 2255 474 2306 exemplis
517 2255 814 2308 quamplurimis

81 2308 294 2349 confirmat.

136 2357 156 2379 ⁶
190 2361 331 2402 Iussit.
385 2364 522 2415 Legem
556 2364 837 2403 hanc-retulit‘

85 2415 179 2463 Dio,
199 2428 274 2456 Lx.
291 2430 331 2469 p.
346 2415 440 2463 672.

135 2468 152 2491 ⁷
168 2469 375 2510 Mollitam.
393 2471 492 2511 Vide
502 2484 589 2522 quae
608 2471 716 2510 dicta
728 2477 817 2509 sunt

83 2525 521 2630 ωξωδλεῖἓιῐὲἶιιὶαῐνῒεῗό
542 2528 665 2616 ῗιερὲὸῐ
696 2578 816 2628 lege-m

85 2629 248 2683 Papiam
266 2632 471 2684 Poppaeam
492 2633 708 2675 moderatus
731 2632 821 2669 fuis·

86 2691 144 2728 set
162 2684 353 2734 Tiberius,
380 2694 500 2738 caput
518 2692 642 2724 tamen
662 2685 821 2724 addide-

89 2743 164 2785 rat,
174 2750 254 2790 quo
264 2740 513 2790 sexagenarii,
523 2740 672 2778 etiamsi
686 2752 823 2777 uxores

0 2798 6 2805 ¹
36 2833 44 2837 ‚
91 2791 288 2840 ducerent,
302 2794 424 2845 poenis
438 2800 564 2831 tamen
582 2793 676 2843 legis
694 2793 824 2843 Papiae

94 2845 273 2896 Poppaeae
306 2847 572 2897 subjacebant.
613 2846 829 2887 Contende-

94 2899 163 2936 bat
178 2900 279 2938 enim
296 2901 472 2939 Tiberius
501 2901 723 2938 infoecunda
744 2900 827 2937 haec

883 1773 1085 1811 Claudius.
1115 1772 1224 1809 Unde
1241 1771 1397 1807 Sueton.
1416 1771 1454 1807 in
1471 1769 1612 1807 Claud.

885 1839 1019 1865 xxn1.
1038 1826 1115 1863 ait:
1146 1824 1273 1874 Capiti
1302 1823 1429 1874 Papioe
1448 1823 1615 1873 Poppoeae

884 1881 991 1934 legis,
1009 1881 1032 1919 ὰ
1053 1879 1203 1918 Tiberio
1218 1877 1376 1924 Coesare,
1392 1877 1498 1928 quasi
1513 1879 1617 1914 sea-'a-

881 1934 1030 1986 genarii
1056 1946 1240 1984 generare
1258 1945 1329 1970 non.
1361 1931 1519 1982 possint,
1552 1931 1618 1967 ad-

886 1989 979 2035 dito,
993 1987 1203 2038 obrogavit.
1229 1985 1287 2036 Εᾷ
1300 1985 1385 2023 vero
1401 1984 1618 2022 conditione

885 2042 1095 2092 obrogavit,
1142 2048 1185 2077 ut
1230 2039 1508 2090 sexagenarius,
1559 2037 1616 2076 vel

886 2097 1001 2134 etiam
1025 2093 1271 2145 sexagenario
1302 2093 1424 2142 major
1457 2092 1617 2135 uxore'm

887 2149 1071 2187 minorem
1095 2144 1421 2199 quinquagenaria
1447 2146 1617 2183 duceret.

891 2204 935 2241 Id
965 2216 1033 2241 nos
1058 2203 1170 2240 docet
1199 2201 1388 2251 Ulpianus
1423 2200 1501 2238 Tit.
1531 2212 1621 2237 xw.

889 2261 913 2296 3
947 2264 986 2294 ct
1014 2261 1053 2294 4.
1097 2255 1174 2300 Qui
1211 2255 1315 2292 intrd
1344 2254 1621 2304 sexagesimum,

889 2312 948 2349 vel
967 2323 1046 2361 quoe
1063 2309 1166 2347 intrd
1196 2307 1533 2359 quinquagesimum
1559 2321 1625 2345 an-

888 2378 987 2410 num,
1017 2363 1143 2400 neutri
1170 2361 1246 2413 legi
1264 2363 1298 2410 (J
1309 2361 1396 2399 uliae
1425 2369 1464 2399 et
1494 2362 1623 2412 Papiae

894 2416 1084 2469 Poppaeae)
1107 2415 1295 2467 paruerit,
1303 2414 1410 2476 „licet
1426 2415 1516 2465 ipsis
1534 2415 1626 2466 legi-

894 2472 958 2510 bus
994 2475 1079 2521 post
1120 2471 1215 2507 hanc
1258 2474 1405 2507 aetatem
1446 2469 1627 2506 liberatus

895 2531 1002 2572 esset,
1024 2523 1214 2575 perpetuis
1244 2528 1364 2560 tamen
1392 2523 1510 2573 poenis
1530 2527 1629 2560 tene·

896 2579 1010 2624 bitur,
1054 2591 1098 2615 ex
1136 2577 1458 2615 senatusconsulto
1494 2576 1628 2614 Perni-

897 2633 1003 2670 ciano
1016 2647 1028 2669 :
1059 2631 1249 2679 (eruditus
1267 2630 1488 2668 Perizonius
1504 2642 1630 2667 emen·

898 2686 965 2723 dat
989 2685 1220 2731 Persiciano,
1249 2684 1356 2734 quod
1386 2683 1532 2721 Paulus
1559 2684 1631 2720 Fa-

901 2740 988 2777 bius
1016 2739 1190 2776 Persicus
1226 2737 1359 2776 consul
1396 2737 1483 2782 fuit,
1516 2737 1635 2786 impc-

902 2802 1007 2831 rante
1023 2792 1190 2838 Tiberio,
1220 2791 1332 2830 A.U.
1352 2791 1400 2828 C.
1430 2795 1523 2836 797.
1578 2793 1633 2827 At

902 2846 1020 2897 legem
1043 2846 1202 2896 Papiam
1229 2845 1435 2896 Poppaeam
1464 2844 1634 2881 modera-

905 2908 966 2937 tus
1003 2905 1059 2938 est
1090 2899 1267 2937 Tiberius
1299 2900 1351 2936 A.
1382 2897 1431 2935 U.
1463 2898 1509 2935 C.
1543 2899 1635 2939 773.

97 2953 341 2993 matrimonia
353 2967 429 2993 non
443 2953 543 3002 iniri,
562 2960 607 2994 ut
622 2953 732 2992 liberi
746 2965 830 3006 pro·
884 2953 1070 3003 ,Manem
1120 2952 1251 3002 itaque
1294 2951 1487 2988 emendari
1531 2949 1638 2987 Tibe-

1386 3065 1398 3086 Ι
