1768 3236
16 205 113 245 J.C.
131 208 198 249 70.
259 204 345 241 -AD
374 200 586 240 LIBRUM
617 197 878 246 QUINTUM
907 199 1305 240 HISTORIARUM.

1466 203 1542 242 525
1601 231 1606 237 .

16 306 282 372 superstites
333 305 503 363 vivere,
546 302 760 366 turpique
805 312 953 349 morte
997 302 1194 350 damnati
1235 300 1372 352 sunt.‘
1422 303 1543 355 Vitae

17 394 173 441 usura,
191 382 351 430 ceteris
369 381 582 429 omnibus
598 380 765 437 oblata,
783 390 827 426 et
846 379 873 426 a
891 379 1082 426 ducibus
1097 382 1124 428 J
1125 395 1271 428 oanne
1284 397 1337 429 ac
1355 380 1543 436 Simone

16 462 201 523 spreta,¹
235 458 417 506 victoris
449 457 537 504 iras
570 456 848 555 provocavit,
882 473 934 503 ac
967 457 1152 503 tandem
1186 459 1288 505 urbi
1311 458 1541 507 excidium

17 536 193 584 adtulit.
261 537 492 582 Succensa
514 534 756 596 primum²
779 536 908 596 capta
923 535 1019 597 jam
1036 546 1352 583 monumenta:
1378 536 1544 585 domus

16 612 225 676 quoque,
269 610 393 658 fame
438 621 707 658 enectorum
752 610 1043 658 cadaveribus
1075 611 1338 675 εςιιειίὶᾶεε,
1360 607 1546 676 ignibus

20 688 211 736 traditae.
279 688 468 735 Meritas
500 686 752 750 pervicacia
788 703 949 750 poenas
985 686 1193 753 effugere
1227 684 1362 735 Izatis
1393 688 1514 754 regis
1528 692 1542 717 ³

22 765 104 814 filii
117 767 139 804 -4
169 763 439 828 fratresque,
471 780 525 811 ae
547 765 681 811 turba
701 763 941 822 nobilium,
965 764 1045 827 qui
1078 763 1213 811 simul
1246 758 1339 811 Titi
1371 764 1542 813 miseri-

23 841 228 891 cordiam
249 851 500 888 oraverant.
568 841 695 887 Tum
717 840 874 887 structi
906 856 1096 907 aggeres
1110 843 1125 868 ⁵
1159 839 1379 888 adversus
1409 857 1542 905 supe-

22 918 194 966 riorem
213 918 395 974 urbem,
417 915 601 963 nomine
634 913 780 973 Sion,⁶
802 916 913 964 loeis
935 915 1212 975 editioribus,
1234 927 1280 964 et
1301 917 1542 966 munitissi-

23 993 112 1045 mis
131 993 350 1052 turribus,
366 991 615 1040 defensam.
684 993 776 1040 Sed
793 991 919 1055 quasi
935 990 1069 1046 fatale
1086 1003 1201 1040 esset
1222 992 1544 1059 Hierosolyma

25 1070 243 1119 intestinis
280 1070 435 1134 potius
467 1069 718 1128 discordiis,
751 1069 894 1133 quam
926 1069 1126 1132 hostium
1157 1068 1345 1127 viribus,
1377 1071 1543 1133 perire,

23 1163 88 1195 ne
109 1141 270 1195 ultimo
286 1146 479 1211 'quidem
508 1145 764 1194 discrimine
795 1146 903 1193 inita
931 1144 1192 1204 concordia,
1223 1145 1466 1195 Idumaeis⁷
1498 1158 1546 1199 et

27 1224 198 1273 Judaeis
226 1223 343 1272 inter
380 1241 430 1272 se
462 1222 792 1282 dissidentibus.
866 1223 1016 1281 Titus,
1047 1221 1180 1270 insita
1211 1222 1565 1283 clementia,'et·‘

87 1397 280 1448 'Spreta
302 1398 456 1450 Joseph.
471 1400 564 1438 ibid.
577 1412 614 1437 n.
628 1404 751 1438 2et3.

85 1449 323 1489 ’Sat-censa
351 1453 522 1502 primam.
577 1453 652 1491 Die
691 1458 751 1491 11.

825 1399 1003 1439 Jud.1v.
1015 1396 1054 1438 6.
1070 1412 1107 1436 ιι.
1127 1404 1166 1438 4.

877 1450 892 1473 ⁵
922 1452 1068 1491 Structi
1083 1466 1133 1504 ag
1160 1465 1251 1490 eres.
1268 1452 1355 1490 Die
1367 1452 1544 1492 vicesimo

37 1506 215 1555 Augusti,
242 1505 419 1555 Jmephu,
442 1507 536 1544 ibid.
569 1519 606 1544 n.
635 1510 674 1544 3.
711 1506 756 1554 τῇ

35 1557 210 1610 &cneus-3⁶,
263 1560 543 1596 succenderunt
592 1560 752 1597 Romani

35 1613 261 1657 Arcffivum,
279 1614 435 1658 Acram,
458 1613 627 1655 Curiam,
648 1612 756 1662 Oph-

26 1663 114 1701 «lam
127 1694 137 1710 ‚
165 1672 202 1703 et
218 1665 314 1714 ignis.
333 1678 545 1715 progressus
564 1673 619 1703 est
635 1678 754 1716 usque

37 1718 86 1754 ad
124 1718 463 1767 Helenaessegiam,
494 1732 579 1768 quae
605 1728 685 1756 erat
718 1719 755 1755 in

38 1771 164 1808 media
183 1770 300 1809 Aera,
357 1773 416 1810 De
433 1771 531 1809 colle
548 1770 664 1816 Aera,
691 1772 755 1808 ubi

37 1832 119 1861 erat
139 1826 227 1862 urbs
241 1823 401 1870 inferior,
417 1825 563 1862 dictum
576 1834 629 1863 est
643 1837 757 1874 supra

41 1877 142 1914 Hist.
170 1890 210 1914 v.
243 1881 304 1915 11.
334 1886 411 1915 not.
442 1878 509 1916 inf.
561 1878 757 1924 Postridie,

40 1930 86 1981 τῇ·
99 1925 220 1976 δ’ἔξῖς,
237 1942 302 1967 seu
320 1930 381 1967 die
401 1935 461 1969 12.
480 1932 656 1980 Augusti,
674 1931 758 1968 reli—

39 1995 121 2032 qua
152 1983 255 2020 urbis
282 1983 463 2020 inferioris
490 1984 642 2022 incensa
670 1991 759 2022 sunt

42 2047 162 2085 usque
180 2036 228 2072 ad
247 2035 387 2073 Siloam
406 2037 453 2073 ad
480 2036 672 2075 Orientem
697 2049 760 2074 ur-

43 2088 114 2126 bis.
138 2087 291 2138 Joseph.
312 2089 410 2127 Bell.
426 2089 595 2128 Jud.v1.
613 2095 651 2134 7.
670 2095 757 2128 n.2.

95 2137 113 2160 ³
141 2141 260 2180 Izatis
280 2143 391 2192 regis.
432 2144 491 2179 De
509 2143 624 2190 Izate,
641 2144 759 2181 Adia

36 2195 225 2232 benorum
259 2208 355 2245 rege,
387 2202 518 2233 actum
549 2207 605 2233 est
644 2208 761 2247 supra

39 2247 186 2286 Annal.
214 2259 295 2286 xn.
335 2252 396 2286 13.
423 2256 500 2286 not.
530 2249 597 2286 inf.
641 2250 760 2287 Izatoe

38 2301 207 2350 ejusque
234 2307 352 2339 mater
382 2302 529 2339 Heleno.
561 2302 582 2340 J
589 2303 764 2340 udaicam

38 2353 261 2404 religionem
294 2362 403 2392 erant
436 2355 617 2414 amplexi.
671 2356 764 2392 Inde

41 2405 124 2444 mii
131 2407 336 2457 fratresque
351 2408 483 2445 Izatis'
474 2421 514 2444 in
528 2409 659 2445 urbem
675 2409 767 2445 Hie-

40 2459 237 2511 ,rosol'yma
251 2467 519 2498 concesserant.
575 2455 674 2498 Vide
700 2460 767 2499 Jo-

42 2513 222 2587 sophum,
239 2514 369 2563 Antiq.
386 2514 477 2552 Jud.
498 2526 569 2552 xx.
586 2518 611 2551 2
629 2521 666 2551 et
681 2526 756 2564 seq.

69 2592 71 2595 .
157 2566 258 2604 Filii.
314 2567 433 2604 Izates
469 2567 640 2612 moriens,
676 2574 768 2604 teste

44 2617 232 2668 ›Joseph‘m
245 2621 376 2669 Antiq.
393 2620 485 2659 Jud.
514 2631 592 2657 xx.
609 2623 647 2657 4.
673 2630 710 2656 n.
731 2624 772 2658 3.

53 2671 259 2722 reliquerat
272 2672 369 2709 filios
386 2681 553 2722 quatuor
569 2680 607 2710 et
620 2672 771 2721 ·viginti‚

53 2723 226 2775 filiasque
268 2725 438 2763 totidem.
507 2725 617 2762 Titus
660 2725 774 2763 Izatis

45 2776 153 2815 -filios
187 2786 225 2815 et
254 2779 485 2828 propinquos
525 2777 691 2828 primum
714 2778 773 2814 >*in

45 2829 232 2868 ‘custodia
265 2831 411 2876 habuit,
456 2829 584 2882 postea
629 2829 772 2868 vinctos

48 2881 216 2923 Romam
262 2884 455 2934 perduxit,

54 2935 179 2974 fidem·
200 2944 426 2989 praestarent.
489 2936 643 2988 Joseph.
677 2936 776 2976 Bell.

513 2891 558 2921 ut
598 2882 774 2921 obsidum
798 2913 802 2933 ς

825 1506 958 1543 mensis
976 1506 1058 1552 Loi,
1085 1511 1179 1544 Aaou
1203 1507 1315 1554 μενος
1325 1502 1448 1553 σίωδι,
1475 1520 1543 1546 seu

830 1563 891 1597 15.
926 1560 1102 1609 Augusti,
1135 1571 1281 1609 aggeres
1323 1559 1407 1598 illos
1447 1560 1544 1598 strui

821 1612 937 1662 jussit
952 1612 1074 1650 Titus.
1129 1612 1189 1649 Ita
1209 1611 1296 1650 vero
1313 1613 1432 1650 divisa
1456 1618 1546 1651 sunt

828 1678 953 1715 opera,
974 1672 1018 1703 ut
1037 1666 1076 1703 in
1096 1673 1201 1716 parte
1218 1665 1460 1703 Occidentali
1485 1679 1549 1704 ur·

829 1719 884 1755 bis
903 1732 951 1756 ex
968 1720 1120 1756 adverso
1143 1718 1240 1755 aulae
1257 1719 1365 1768 regiae
1381 1724 1547 1768 quatuor

829 1771 1003 1821 legiones,
1029 1771 1234 1809 auxiliares
1255 1772 1342 1809 vero
1357 1779 1396 1809 et
1421 1779 1548 1810 cetera

813 1833 815 1836 ’
829 1825 1035 1862 multitudo
1049 1824 1174 1862 versus
1189 1825 1224 1862 X
1227 1830 1368 1874 ystum
1381 1830 1548 1874 pontem,

831 1878 1040 1941 turrimque
1076 1877 1248 1922 Simonis,
1281 1884 1548 1941 operarentur:

831 1930 1020 1968 rarissima
1036 1943 1180 1980 semper
1197 1926 1364 1976 materia,
1389 1943 1476 1981 quae
1496 1932 1549 1975 ob

832 1991 888 2022 tot
914 1997 1060 2034 aggeres
1076 1983 1163 2021 ante
1188 1989 1349 2021 structos
1376 1982 1400 2020 a
1426 1990 1552 2022 cente-

830 2038 926 2074 simo
945 2037 1066 2074 stadio
1089 2044 1168 2074 erat
1193 2036 1432 2086 asportanda.
1483 2037 1551 2075 Jo-

831 2091 936 2140 seph.
955 2090 1051 2128 Bell.
1069 2090 1160 2128 Jud.
1181 2101 1238 2126 vr.
1259 2093 1295 2127 8.
1323 2095 1415 2126 ner.
1440 2091 1444 2097 “

829 2160 833 2162 ’
887 2140 906 2161 ⁶
932 2143 1093 2181 Nomine
1125 2142 1227 2181 Sion.
1261 2145 1297 2183 A
1329 2142 1427 2180 colle
1446 2142 1551 2181 Sion

832 2197 887 2234 ita
908 2197 1070 2260 dictam,
1097 2205 1134 2233 et
1159 2196 1183 2233 ὲ
1213 2195 1360 2232 Davide
1383 2195 1553 2234 inferiori

831 2250 921 2287 -urbi
952 2240 1049 2286 olim
1074 2248 1258 2286 additam.
1312 2248 1430 2287 Nunc
1466 2261 1553 2299 pars

836 2303 917 2352 ejus
947 2303 1116 2339 maxima
1148 2308 1203 2338 est
1234 2307 1342 2338 extra
1368 2308 1554 2340 recentem

837 2357 968 2393 urbem
998 2355 1218 2400 Jerusalem,
1257 2360 1296 2392 et
1334 2354 1391 2392 i'n
1398 2353 1555 2417 campis

836 2408 1012 2458 squallet.
1080 2417 1081 2421 ’
1348 2412 1361 2433 )

889 2457 906 2482 ⁷
934 2461 1121 2506 Idumoeis.
1162 2450 1348 2507 *Idu'mae'is⁴
1352 2422 1396 2498 fa
1418 2460 1556 2499 zelotis

839 2515 968 2561 acciti,
997 2522 1035 2552 et
1062 2514 1114 2551 in·
1134 2515 1263 2551 urbem
1284 2489 1558 2575 H’ierosolyma

839 2567 995 2617 recepti,
1035 2579 1120 2617 pars
1154 2570 1301 2616 magna
1312 2566 1439 2605 'fuere
1466 2562 1559 2605 beni

841 2619 1008 2658 Iudaici.
1034 2622 1088 2658 At
1102 2620 1192 2658 cum
1208 2620 1435 2658 deditionem
1449 2632 1559 2670 ρεπεν-

845 2679 939 2719 rent,
953 2679 990 2710 et
1005 2673 1116 2710 Titus
1132 2677 1325 2719 annueret,
1353 2673 1392 2710 id
1411 2673 1563 2711 rescivit

847 2725 1001 2764 Simon:
1031 2725 1130 2763 unde
1153 2731 1289 2763 exorta
1309 2731 1365 2764 est
1391 2725 1564 2764 maxima.

845 2778 943 2816 inter
957 2778 1142 2817 Idumaeos
1152 2784 1190 2818 et
1197 2778 1222 2818 J
1224 2779 1352 2818 udaeos
1362 2778 1567 2818 discordia.

847 2831 1001 2882 Joseph
1027 2831 1126 2871 Bell.
1151 2832 1257 2893 Jud.
1263 2842 1334 2870 ιη.
1344 2835 1393 2870 4
1425 2838 1568 2891 etseq.

841 2894 912 2925 vr.
924 2888 1024 2926 διιι.
1041 2888 1079 2923 2.
1187 2903 1190 2907 ·
