1768 3236
157 183 236 223 408

701 179 1102 221 SVUPPLEMENTU
1111 180 1155 217 M

1417 183 1466 220 A.
1481 182 1528 233 u.
1541 183 1588 222 c.
1607 186 1700 234 mr.

159 289 363 338 victoriae
387 288 513 336 dono
531 287 636 335 data
650 304 665 334 τ
697 275 974 351 permissum
997 284 1305 349 Harpocrati,¹
1330 295 1383 333 ut
1405 284 1598 344 lectica?
1618 303 1705 353 per

157 366 344 416 Urbem
366 365 630 424 veheretur,
664 374 709 412 et
726 362 986 428 spectacula
1007 361 1192 427 publice
1217 362 1404 411 ederet.³

161 627 351 682 principes
387 629 479 691 regii
515 630 721 681 sanguinis,
748 631 892 681 quibus

163 686 290 736 plures
327 685 574 736 paucioresve.
603 692 693 723 sunt
721 685 890 723 eunuchi

161 752 232 793 pro
251 738 399 777 ratione
413 750 489 776 suae
507 738 714 789 dignitatis.
768 739 893 776 Tanta

161 801 291 832 autem
309 792 362 830 ibi
379 799 436 831 est
460 792 728 831 cunuchorum
757 792 892 840 libido,

162 854 208 886 ut
226 846 339 884 multi
359 847 526 885 audeant
539 853 577 884 et
591 859 727 884 uxores
746 854 784 884 ct
800 859 896 885 con-

163 901 324 939 cubinas
368 900 521 938 habere.
578 900 773 938 Adversus
816 900 891 938 hoc

162 954 347 1005 flagitium
383 955 462 993 lata
492 954 648 1005 quidem
684 960 739 992 est
768 954 833 992 lex
865 954 889 991 a

162 1008 350 1060 dynastia,
368 1012 459 1059 quae“
471 1021 574 1046 nunc
595 1007 695 1048 Sinis
714 1009 889 1058 imperat.

162 1062 319 1101 Versim‘
343 1062 503 1101 occulta
534 1061 660 1113 gliscit
691 1062 825 1109 libido,
853 1069 890 1099 ct

161 1117 412 1155 mendacibus
434 1129 607 1154 sororum
638 1123 708 1154 aut
737 1115 891 1168 propin—

163 1183 328 1221 quarum
346 1170 562 1208 nominibus
580 1171 785 1220 obtegitur.

184 1249 186 1251 >
221 1225 399 1276 Superest
410 1232 454 1262 ut
470 1224 573 1262 varia
586 1224 755 1262 evolvam
773 1236 892 1262 cunu-

165 1278 326 1317 chorum
355 1279 446 1330 fata.
499 1276 727 1330 Antiquitas
751 1278 789 1315 in
815 1290 892 1328 poe-

163 1339 253 1371 nam
280 1332 451 1371 criminis
477 1341 600 1371 ortum
620 1346 697 1370 csse
714 1332 892 1370 infamem

166 1400 300 1425 eorum
317 1387 575 1425 conditionem
595 1386 771 1437 superius
799 1385 895 1423 dixi.

140 1442 142 1446 ’
167 1442 287 1479 Circa
318 1441 460 1479 Christi
491 1449 674 1491 tempora,
702 1440 793 1479 cum
827 1440 897 1491 dy-

166 1494 293 1533 nastia
313 1495 405 1532 Han
426 1494 525 1532 Sinis
543 1495 758 1545 imperaret,
786 1494 896 1532 desiit

166 1549 346 1587 castratio
380 1549 478 1586 inter
514 1548 708 1601 supplicia
751 1548 896 1586 haberi.

143 1603 266 1641 ‘Tum
295 1609 507 1641 accesserat
534 1602 638 1640 favor
656 1610 694 1639 et
712 1602 863 1640 fortuna
880 1617 892 1647 ;

163 1656 373 1707 multisque
402 1656 543 1708 volupe
559 1661 640 1694 erat
658 1656 717 1694 vel
738 1669 805 1707 per
833 1656 892 1693 sui

165 1711 335 1761 corporis
348 1710 618 1749 detrimentum
632 1722 714 1747 eam
728 1709 891 1749 ambire:

164 1770 338 1814 parentes
355 1764 470 1802 etiam
488 1764 634 1803 nobiles
651 1764 819 1815 aliquem
848 1762 894 1801 li·

164 1818 349 1865 berorumv
370 1831 528 1856 suorum
550 1818 652 1856 ultro
669 1830 716 1856 ac
735 1817 897 1855 libenter

164 1872 199 1910 ei
229 1873 482 1920 destinabant,
520 1878 565 1910 ut
595 1872 824 1910 auctoritate
854 1871 893 1909 in

164 1925 259 1964 aula
288 1926 469 1965 valerent.
525 1926 599 1964 Sed
618 1925 709 1964 cum
729 1924 897 1976 proclive

164 1979 214 2018 sit
240 1979 462 2019 hominibus
480 1980 649 2018 maxime
676 1979 896 2018 imbellibus

166 2034 421 2096 turpibusque
443 2033 598 2072 fortuna
622 2034 747 2078 abuti,
773 2045 895 2071 eunu-

167 2088 233 2126 chi
262 2088 308 2126 iis
333 2089 371 2126 in
400 2089 521 2138 regnis
553 2087 619 2126 uhi
647 2095 897 2141 praepotuere‚

167 2142 222 2180 ita
248 2156 319 2194 pro
349 2142 507 2182 arbitrio
524 2149 562 2180 et
576 2142 736 2180 libidine
755 2148 898 2181 cuncta

168 2195 327 2243 vertere,
352 2196 538 2247 totiesque
558 2196 801 2246 Principibus
821 2195 898 2233 rui-

170 2262 258 2288 nam
297 2263 484 2293 creavere,
528 2256 584 2297 ut,
630 2250 723 2288 licet
764 2262 896 2286 eorum

170 2305 341 2342 conditio
365 2305 413 2342 ad
442 2317 590 2355 poenam
623 2303 790 2342 criminis
823 2315 897 2339 non

170 2359 218 2395 sit
236 2366 424 2405 revocata,
452 2358 661 2408 multisque
686 2357 901 2395 ministeriis

170 2424 238 2462 per
256 2411 423 2450 Orientis
454 2424 568 2462 regna
598 2411 831 2462 superbiant,
859 2410 897 2447 in

172 2465 421 2516 ignobilitatis
449 2472 576 2503 tamen
594 2472 632 2503 et
649 2465 813 2502 infam-iae
842 2477 900 2501 or-

172 2520 260 2557 dine
279 2520 524 2558 retineantur.
554 2519 639 2557 Nec
652 2520 736 2569 jam
758 2518 902 2568 ubique

173 2574 272 2612 fiunt
289 2573 472 2620 eunuchi,
499 2573 569 2610 nisi
595 2579 756 2623 egestate
776 2585 821 2610 ac
841 2584 905 2609 ue-

173 2627 346 2666 c'essitate
376 2626 580 2678 compulsi.
635 2627 753 2678 Apud
782 2625 905 2671 Sinas,

174 2681 267 2720 cum
286 2681 455 2719 eunuchi
474 2693 603 2719 omues
620 2680 668 2717 ad
687 2679 902 2730 Principem

175 2735 387 2785 pertineant
412 2735 572 2786 ejusque
600 2733 675 2771 sint
694 2733 807 2783 juris,
836 2745 904 2770 nec

176 2790 225 2826 ab
258 2788 342 2827 aliis
354 2788 557 2838 judicibus
576 2787 615 2825 in
633 2800 695 2825 eos
724 2786 909 2825 sententia

175 2843 264 2880 ferri
295 2842 424 2894 possit,
453 2840 693 2893 reperiuntur
720 2840 908 2878 scelerum

178 2897 246 2944 rei,
296 2896 376 2946 qui,
419 2894 573 2934 ademta
605 2895 677 2933 sibi
715 2894 908 2940 virilitate,

179 2949 445 3002 impunitatem
465 2955 653 3002 quaerant.
708 2948 771 2987 llli
789 2961 911 2987 eunu-

930 1082 939 1086 ν
961 1062 1024 1100 chi
1043 1061 1173 1100 Lama.

953 1117 1177 1154 -Turcarum
1214 1116 1485 1166 Imperatorem
1520 1114 1691 1155 eunuchi

1473 366 1634 414 Ausus
1654 375 1702 414 et

966 630 1030 669 chi
1062 630 1306 682 appellantur
1333 629 1417 668 Pan
1454 631 1529 674 lou,
1557 630 1598 668 id
1627 635 1709 677 est,-

966 685 1121 723 dimidia
1140 683 1204 722 vid
1214 699 1230 728 ;
1260 691 1297 722 et
1315 691 1404 722 sunt
1420 696 1578 725 numero
1600 696 1698 736 pau-

966 737 1016 785 ci,
1035 737 1206 789 nequitia
1224 737 1431 775 foedissimi.
1486 737 1603 783 Quod
1620 739 1697 777 sin-

963 793 1095 842 gulare
1111 801 1166 830 est
1183 793 1223 829 in
1241 791 1315 830 hac
1342 791 1608 829 eunuchorum
1636 792 1694 830 in-

964 845 1094 888 famia,
1123 846 1161 898 in
1180 845 1323 897 palatio
1343 845 1501 883 ministri
1533 846 1695 897 templo-
1735 864 1750 867 r

963 913 1048 938 rum
1079 907 1168 938 sunt
1195 898 1388 945 eunuchi;
1417 907 1455 937 et
1482 912 1552 950 pro
1578 901 1694 940 varii·

963 954 1207 1005 religionibus
1236 960 1325 991 sunt
1354 953 1543 991 eunuchi·
1555 953 1689 998 Bonzi,

964 1008 1120 1054 Bon-zos,
1147 1007 1315 1046 eunuchi
1348 1007 1428 1045 Ταο
1460 1006 1543 1054 See,
1568 1020 1694 1047 eunu-

1229 1061 1558 1112 Constantinopoli
1583 1061 1692 1113 apud

963 1170 1091 1208 colore
1109 1170 1407 1219 distinguuntur.
1460 1168 1553 1207 Albi
1577 1182 1692 1221 penes

964 1224 1195 1281 Principem,
1239 1223 1334 1273 nigri
1371 1236 1483 1274 penes
1518 1222 1690 1263 foeminas

961 1270 1145 1316 serviunt.
1193 1278 1337 1315 Eorum
1356 1277 1536 1324 ducibus,
1547 1277 1692 1338 Kapou

961 1332 1050 1383 Aga
1066 1332 1163 1370 inter
1180 1331 1299 1377 albos,
1329 1331 1465 1369 Kislur
1490 1331 1573 1382 Aga
1589 1331 1690 1370 inter

961 1386 1098 1446 nigros,
1126 1387 1242 1438 quam
1270 1386 1440 1423 maxima
1466 1362 1543 1423 este,
1553 1392 1703 1439 aucto-3

963 1440 1067 1478 ritas.

1016 1546 1028 1563 ¹
1051 1548 1302 1598 Harpocrati.
1349 1549 1506 1586 Sueton.
1524 1548 1601 1586 loc.
1619 1528 1702 1586 cit(

940 1601 1149 1639 'Beroaldo
1176 1603 1337 1652 aliisque
1366 1602 1465 1640 idem
1485 1615 1564 1640 esse
1589 1601 1697 1640 vide·

964 1664 1025 1694 tur
1043 1668 1088 1693 ac
1109 1656 1304 1694 Callistus,

1016 1707 1035 1725 ²
1081 1709 1248 1749 Lecticd.
1303 1708 1540 1748 Lecticarum
1583 1723 1701 1748 usum-

963 1764 1077 1802 certis
1095 1763 1242 1802 tantum
1256 1763 1439 1814 personis,
1451 1769 1488 1801 et
1507 1763 1702 1812 aetatibus,.

960 1830 1100 1868 perque
1131 1823 1252 1856 certos
1281 1817 1358 1854 dies
1383 1817 1603 1867 permiserat
1620 1817 1701 1857 Ju·.
1721 1828 1725 1838 ⁴

963 1871 1038 1908 lius
1056 1872 1197 1909 Caesar.
1226 1871 1380 1909 Sueton.
1401 1871 1440 1917 in
1457 1870 1539 1909 Jul.
1559 1871 1692 1911 xnus.
1721 1878 1727 1882 ”

1019 1921 1034 1943 ³
1063 1924 1216 1963 Publice
1250 1925 1388 1963 ederet.
1443 1925 1548 1963 Cura
1579 1925 1693 1963 ludo·

967 1991 1051 2016 rum
1073 1978 1159 2016 viris
1178 1978 1363 2028 dignitate
1378 1978 1582 2030 praecipuis
1609 1991 1694 2030 per·
1747 1995 1753 2000 f

966 2032 1202 2071 mittebatur.
1257 2032 1322 2070 Sic
1341 2033 1569 2071 Arruntium
1593 2032 1695 2072 Stel-

967 2086 1044 2124 lam
1056 2086 1156 2123 ludis
1168 2085 1566 2137 praefectum'vidimus
1576 2098 1696 2138 supra

969 2140 1110 2178 Annal.
1132 2152 1234 2177 xln.
1252 2144 1318 2178 22.
1373 2140 1502 2189 Hujus
1531 2140 1695 2179 nominis

968 2194 1161 2232 consulem
1178 2194 1261 2231 vide
1277 2194 1382 2243 apud
1400 2194 1596 2232 eruditum
1615 2194 1699 2232 Go-

968 2248 1013 2294 ri,
1040 2247 1224 2297 Inscript.
1254 2247 1387 2297 Antiq.
1418 2247 1493 2285 vol.
1522 2259 1552 2285 1.
1570 2245 1695 2298 p>65.
1734 2267 1738 2270 *

972 2302 1151 2340 Audaces
1168 2301 1257 2339 sane
1285 2300 1438 2338 libertos
1470 2301 1562 2339 fecit
1590 2313 1701 2340 sena-—

971 2354 1266 2416 tusconsultum‚
1278 2367 1361 2405 quo
1378 2361 1540 2393 cautum
1560 2354 1699 2402 fuerat,

971 2422 1016 2447 ne
1034 2409 1115 2459 quis
1126 2407 1396 2460 gladiatorium
1413 2421 1542 2447 munus
1560 2408 1700 2456 ederet,

972 2463 1032 2501 cui
1050 2475 1170 2500 mmor
1181 2463 1536 2514 quadringentorum
1544 2461 1704 2501 millium

973 2530 1060 2561 res,·
1093 2522 1137 2554 ut
1167 2517 1315 2554 dictum
1347 2523 1403 2554 est
1422 2528 1539 2566 supra
1559 2515 1702 2555 Annal.

972 2582 1031 2608 ιν.
1067 2567 1171 2608 63.
1204 2570 1318 2607 Hanc
1353 2570 1565 2623 audaciam·
1594 2575 1704 2609 notat

974 2624 995 2663 J
1002 2623 1180 2670 uvenalis,
1208 2635 1277 2661 111.
1296 2627 1362 2669 34.

978 2750 1139 2778 Quondam
1151 2750 1183 2776 hi
1196 2749 1372 2778 cornicines,
1388 2749 1417 2773 et
1427 2744 1624 2780 municipali&
1642 2753 1709 2774 are·

979 2797 1122 2861 P5rzccui
1136 2829 1264 2858 comites,
1270 2828 1403 2859 notaque
1411 2832 1470 2858 per
1476 2824 1592 2859 oppida
1604 2824 1714 2859 bucca,

980 2867 1111 2893 Munera
1123 2875 1207 2893 nunc
1219 2867 1322 2897 edunt,
1339 2867 1368 2891 et
1379 2871 1459 2890 verso
1468 2865 1580 2897 pollice
1592 2862 1703 2898 vulgus

981 2907 1144 2934 Quemlibet
1157 2907 1300 2934 occidunt
1311 2905 1518 2941 populariter.
