1768 3236
378 200 458 238 AD
489 198 791 239 DIALOGUM
821 199 898 239 DE
925 199 1288 267 QRATORIBUS.
1529 200 1609 245 623

125 296 240 341 Nam
260 298 305 342 in
327 298 508 358 ingenio.
569 300 685 342 Bene
708 300 898 343 Pithoeus
917 308 959 343 et
977 300 1205 345 Acidalius.
1237 296 1484 358 Praepositio
1495 304 1610 346 abest

62 371 89 415 ἢ
112 373 316 416 veteribus
335 373 597 416 editionibus.

124 446 387 506 Quamquam
407 447 495 491 alia
514 449 603 491 diu.
665 438 820 491 Mallet
855 448 1064 503 Ernestus‚
1094 464 1340 508 qua-mquam
1359 449 1496 502 utilia,
1526 449 1609 504 vel¹

63 520 251 575 utiliora,
281 537 369 580 quae
388 530 590 565 serantur.

126 672 247 715 Cn.
269 678 310 720 7.
335 672 412 716 ’De
431 689 493 717 me
512 675 594 731 ipse
597 674 764 732 fatear.
824 674 890 718 Ita
910 675 1105 718 editiones
1120 684 1272 718 veteres
1282 683 1323 718 et
1342 675 1603 719 recentiores.

66 743 120 788 In
141 746 277 790 MSS.
299 747 433 790 Vatic.
453 756 495 790 et
513 749 759 791 editionibus
778 749 937 802 mediis,
968 749 1019 792 de
1036 764 1099 792 me
1116 749 1217 805 ipso.

122 820 226 863 Tum
256 821 406 864 habere
438 823 548 880 qnod
578 823 623 865 in
651 838 705 876 se,
752 838 830 865 uon
861 823 907 865 in
937 823 1036 874 alio,
1079 825 1225 865 oritur.
1285 823 1354 867 Sic
1373 822 1604 866 emendavit

63 892 217 936 Illustr.
251 894 458 939 Huetius:
504 896 659 952 optime
693 897 872 954 quidem,
912 906 953 939 et
987 897 1194 953 aptissime
1229 898 1282 939 ad
1314 913 1447 940 mores
1478 897 1601 954 hujus

61 968 203 1020 seculi,
246 984 329 1025 quo
367 969 509 1012 Stoica
542 970 731 1027 vigebant
765 971 927 1027 placita.
987 970 1146 1013 Eorum
1182 970 1289 1013 enim
1327 986 1488 1014 summa
1523 980 1599 1024 est,

61 1041 150 1083 haec
169 1043 327 1085 tantum
345 1044 495 1087 habere
516 1046 639 1094 bona,
670 1061 760 1102 quae
782 1046 822 1087 in
842 1061 898 1099 se,
927 1061 1011 1088 non
1031 1045 1072 1087 in
1103 1044 1199 1098 alio,
1229 1044 1426 1088 oriuntur.
1475 1045 1598 1089 Male

62 1115 155 1158 libri
175 1116 288 1170 editi,
318 1125 404 1160 tum
424 1118 540 1161 abire
558 1119 669 1176 quod
684 1121 720 1162 si
739 1135 818 1162 non
838 1121 884 1162 in
903 1119 989 1162 alio
1016 1120 1165 1162 oritur.
1224 1119 1389 1162 Frustra
1417 1121 1599 1162 tentabat

63 1188 264 1244 Pithoeus,
294 1199 379 1234 tum
398 1192 562 1245 habere,
591 1193 702 1251 quod
719 1193 863 1236 nonin
884 1194 977 1236 alvo
1011 1194 1144 1236 oritur
1154 1209 1168 1243 ‚·
1199 1192 1279 1244 vel,
1309 1193 1420 1250 quod
1447 1194 1501 1251 εἰ)
1516 1208 1601 1237 non

62 1260 231 1307 aliunde
257 1266 402 1309 oritur.
465 1267 667 1319 schelius,
696 1275 783 1310 tum
815 1268 977 1321 habere,
1006 1267 1116 1325 quod
1142 1282 1227 1311 non
1255 1268 1300 1309 in
1331 1267 1436 1310 alios
1455 1281 1601 1326 conge-

61 1336 185 1389 ritur,
218 1339 297 1393 vel,
328 1340 563 1400 confertur.-
594 1341 970 1394 Schurzfleischius‚
999 1349 1086 1384 tum
1105 1342 1151 1383 in
1170 1341 1310 1384 coelum
1330 1340 1460 1394 obire,
1488 1340 1601 1399 quod

59 1411 106 1455 id
123 1429 206 1456 non
230 1415 284 1457 ab
305 1414 391 1457 alio
410 1417 557 1459 oritur.
616 1416 701 1458 Alii
721 1416 852 1467 aliter,
883 1424 926 1458 et
944 1415 1059 1473 aeque
1078 1414 1309 1457 infeliciter.

123 1487 336 1532 codicillis
369 1489 509 1533 datur.
569 1483 642 1533 Ita*
662 1490 800 1533 MSS.
831 1490 970 1532 Vatic.
1009 1489 1131 1532 Libri
1161 1489 1272 1541 editi,
1311 1489 1355 1531 in
1386 1487 1597 1537 codicillis.

60 1559 403 1619 Praepositionem
422 1564 639 1607 omittebat
657 1580 823 1622 quoque
845 1563 1048 1607 Pithoeus.

125 1635 364 1696 Quaefama
397 1647 435 1681 et
469 1639 559 1681 laus
593 1639 769 1696 cnjusvis
802 1638 920 1681 artis.
979 1637 1045 1680 Ita
1083 1638 1248 1695 Lipsius
1279 1645 1321 1679 et
1353 1636 1597 1679 recentiores

62 1725 220 1753 omnes.
280 1711 331 1754 In
346 1712 591 1755 editionibus
606 1711 826 1764 veteribus,
854 1711 957 1770 quid
958 1711 1104 1770 fama.
1165 1711 1394 1754 Beroaldus
1408 1711 1599 1753 emenda·

61 1785 130 1837 vit,
151 1786 325 1842 cujusvis
340 1803 353 1828 .·
383 1786 501 1829 antee
520 1786 692 1840 editum,
722 1787 850 1843 eujus.

122 1858 221 1902 Non
242 1860 419 1903 illustres
437 1861 482 1902 in
508 1859 620 1903 Urbe
643 1859 787 1903 solum.
848 1859 985 1902 MSS.
1006 1859 1137 1902 Vatic.
1165 1860 1274 1903 1862
1294 1867 1335 1902 et
1351 1862 1481 1907 4498.
1514 1873 1598 1902 non

61 1931 238 1976 illustres
257 1941 298 1976 et
316 1949 397 1977 mm
418 1935 461 1976 iu
490 1933 598 1977 Urbe
616 1934 760 1977 solum.
820 1933 923 1976 MS.
944 1933 1080 1976 Vatic.
1107 1939 1229 1977 1518.
1258 1948 1343 1976 uon
1362 1932 1539 1975 illustres
1559 1938 1598 1974 et

61 2022 142 2050 non
162 2008 306 2050 solzim.
1273 2040 1285 2051 .

124 2080 285 2127 Quibus
302 2080 422 2124 mod&
440 2089 551 2124 recta
572 2089 610 2124 et
632 2082 787 2124 indoles
807 2088 878 2125 est.
937 2081 1004 2124 Ita
1024 2082 1161 2125 MSS.
1181 2080 1316 2124 Vatic.
1348 2090 1391 2124 et
1422 2079 1596 2137 optime.

64 2155 134 2198 Sic
153 2155 330 2208 Tullius,
365 2170 396 2197 1.
427 2156 478 2197 de
499 2155 639 2198 Divin.
668 2157 738 2198 86.
798 2156 1075 2204 Quintilianus
1109 2161 1139 2182 ‘⁴
1152 2155 1286 2198 lustit.
1302 2155 1447 2199 Orat.'’
1467 2169 1533 2199 vl.
1553 2160 1597 2198 3.

61 2229 232 2287 ipseque
250 2230 422 2273 Tacitus
442 2231 544 2273 iufra
563 2247 654 2288 cap.
681 2238 744 2274 10.
764 2231 885 2274 modo
906 2247 981 2287 pro
1001 2231 1162 2289 quidem
1182 2245 1441 2286 usurpavere.
1491 2230 1596 2273 Per-

62 2318 205 2359 peram
225 2303 319 2346 libri
338 2305 451 2358 editi,
472 2306 619 2362 quibus
637 2321 794 2347 morum
815 2313 850 2347 et
872 2304 1026 2348 indoles
1043 2313 1113 2347 est.
1154 2304 1324 2361 Lipsius
1343 2305 1367 2348 ὲ
1388 2290 1594 2358 Romana,

63 2376 200 2420 nescio
220 2378 319 2435 qufi,
348 2378 538 2432 editione,
568 2379 721 2431 laudat,
749 2378 895 2437 quibus
913 2380 1049 2436 major
1067 2377 1234 2423 indoles.

121 2524 242 2573 CAP.
262 2534 304 2573 8.
337 2528 436 2572 Non
456 2530 590 2573 minas
610 2545 702 2573 esse.
760 2526 933 2573 Videtur
958 2529 1171 2582 excidisse,
1190 2536 1332 2577 nolos;
1361 2529 1485 2586 idque
1503 2528 1597 2585 jam

61 2616 257 2646 monuere
278 2603 469 2646 Muretus
499 2611 541 2645 et
577 2603 755 2659 Lipsius.
815 2604 1075 2646 Emendabat
1108 2602 1482 2655 Schurzfleischius‚
1511 2617 1595 2646 mm
1671 2655 1678 2663 ¹

60 2677 231 2719 minoris
259 2692 349 2719 esse.
409 2677 611 2719 Salinerio
633 2686 673 2719 et
694 2677 862 2722 Schelio
881 2678 1076 2733 probatur
1096 2677 1261 2733 vulgata
1276 2677 1499 2732 scriptura:
1520 2675 1594 2718 sed

59 2749 280 2793 immerito.

123 2822 210 2866 Nec
238 2824 312 2867 hoc
343 2824 407 2866 illi
436 2824 619 2867 alterive.
680 2823 752 2867 Sic
782 2823 938 2880 optime
963 2823 1193 2867 emendavit
1218 2822 1374 2867 Illustr.
1395 2822 1590 2866 Huetius.

62 2895 117 2942 In
145 2897 260 2943 libris
279 2899 470 2942 omnibus
489 2898 622 2952 editis,
657 2913 730 2941 nec
758 2898 834 2941 hoc
860 2898 943 2950 illis
960 2898 1141 2942 ,alterius
1172 2904 1234 2942 ter
1252 2897 1413 2942 millies.
1470 2895 1594 2940 Unde

179 2979 291 3008 von.
324 2981 388 3010 ιν.
1389 2971 1417 3009 2
1449 2977 1480 3007 B
