1768 3236
166 182 243 223 106
648 180 696 219 C.
726 175 989 217 CORNELII
1017 176 1202 239 TACITI

166 295 503 351 expugnatum,
536 293 615 331 aut
657 281 866 347 pactione
882 283 895 302 ¹
929 297 983 327 ac
1029 277 1143 344 fuga
1187 279 1436 330 desertum.
1507 283 1702 337 Crebrae

167 360 452 428 eruptiones:
488 377 597 410 nam
618 358 841 408 adversus
876 373 1033 423 moras
1052 356 1318 416 obsidionis,
1363 357 1525 409 annuis
1554 362 1707 426 *copiis

169 442 502 490 firmabantur:
538 438 600 486 ita
620 437 844 502 intrepida
876 435 938 483 ibi
975 435 1154 500 hyemS,
1189 446 1234 483 et
1251 435 1336 484 'sibi
1362 437 1556 502 quisque
1589 455 1710 503 prae·

169 519 302 578 sidio,
357 517 501 565 inritis
547 516 773 574 hostibus,
821 513 972 578 eoque
1018 512 1381 577 desperantibus,
1437 515 1544 590 quia
1588 515 1712 566 soliti

170 597 446 662 plerumque
473 595 639 642 damna
662 592 827 642 aestatis
860 590 1062 639 hibernis
1096 590 1334 638 eventibus
1366 602 1575 656 pensare,
1606 605 1712 645 tum

173 685 327 723 aestate
366 685 503 738 atque
525 673 692 737 hyeme
709 670 845 737 juxta
867 669 1171 734 pellebantur.
1240 669 1290 716 N
1291 685 1344 717 ec
1367 669 1590 734 Agricola
1610 687 1714 721 uin-

175 768 315 817 quam
337 767 421 815 per
454 750 566 798 alios
601 761 728 815 gesta
765 748 924 797 avidus
945 747 1215 811 intercepit:
1251 764 1333 795 seu
1373 748 1598 808 centurio,
1631 754 1732 798 seu'

173 828 438 893 praefectus,
493 827 813 891 incorruptum
869 823 976 873 facti
1033 835 1196 872 testem
1248 823 1462 874 habebat.
1567 827 1717 892 Apud

175 907 401 971 quosdam
441 905 648 953 acerbior
686 905 734 951 in
773 902 988 952 conviciis
1026 903 1326 951 narrabatur:
1362 913 1414 950 ut
1449 914 1545 952 erat
1582 902 1719 953 bonis

178 984 339 1042 comis,
373 983 434 1030 ita
473 982 695 1030 adversus
742 980 887 1028 malos
925 979 1230 1045 injucundus:
1289 979 1500 1027 ceterum
1536 997 1598 1029 ex
1624 979 1718 1031 ira„

178 1059 346 1110 cundia
378 1060 492 1108 nihil
536 1070 798 1124 supererat:
847 1070 1096 1106 secretum,
1121 1068 1166 1105 et
1210 1056 1440 1105 silentium
1477 1059 1578 1122 ejus
1618 1046 1748 1107 non'

179 1138 384 1186 timeres:
420 1137 654 1186 honestius
677 1138 864 1202 putabat
886 1135 1140 1194 offendere,
1177 1134 1320 1202 quam
1337 1134 1502 1183 odisse.

249 1301 329 1341 23.
347 1291 1048 1356 QUARTAaestas²obti11endiS,³
1064 1307 1169 1355 quae
1177 1300 1482 1354 percurrerat,
1495 1288 1718 1358 imumta:

183 1387 236 1419 ac
252 1370 289 1418 si
310 1370 455 1430 virtus
478 1369 767 1418 exercituum
784 1381 829 1419 et
854 1367 1056 1418 Romani
1084 1367 1291 1416 nominis·
1303 1366 1451 1432 gloria
1470 1370 1722 1431 pateretur,

183 1448 394 1496 inventus
416 1447 464 1495 in
486 1447 584 1512 ipsa
607 1446 842 1495 Britannia
876 1445 1113 1494 terminus.
1182 1446 1306 1493 Nam
1328 1444 1468 1494 Clota
1499 1455 1545 1493 et
1566 1445 1723 1494 Bodo-

183 1525 307 1584 tria‚⁴
328 1525 493 1573 diversi
516 1526 628 1573 mari
651 1526 835 1587 aestibus
858 1542 940 1590 per
971 1524 1250 1572 immensum
1278 1533 1491 1581 revectae,
1524 1533 1722 1589 angusto

184 1613 413 1650 terrarum
457 1603 624 1667 spatio⁵
659 1603 968 1652 dirimuntur:
1012 1601 1139 1667 quod
1172 1612 1273 1648 tum
1305 1598 1524 1664 praesidiis
1568 1601 1722 1648 firma-

185 1681 322 1728 batur
341 1677 381 1728 :⁶
430 1691 568 1745 atque
602 1681 752 1729 omnis
785 1680 974 1746 propior
1007 1678 1136 1747 sinus*
1165 1678 1424 1737 tenebatur,
1480 1676 1723 1727 summotis

187 1757 314 1805 velut
335 1757 383 1805 in
399 1756 532 1806 aliam
554 1758 751 1807 insulam
768 1762 785 1789 ⁷
809 1757 1031 1806 hostibus.

258 1919 338 1960 24.
375 1915 594 1977 QUINTO
640 1913 986 1979 expeditionum
1023 1907 1181 1969 ann0,'³
1214 1926 1329 1958 nave
1366 1905 1550 1974 primz⁸1⁹
1580 1918 1725 1959 trans-

248 2072 488 2128 ¹Pactimze.
547 2075 645 2112 Dedi
651 2075 765 2113 tione.
1042 2067 1059 2088 ⁶
1082 2071 1278 2111 Proesidiis
1314 2070 1561 2121 firmabatur.
1623 2068 1722 2108 Prae-

248 2111 442 2169 2ριιανία
457 2133 578 2167 semitas
635 2131 685 2166 A.
707 2130 756 2167 U.
775 2130 820 2167 C.
842 2132 932 2166 834.

197 2179 233 2217 J.
255 2178 300 2215 C.
322 2183 386 2216 81.
501 2204 503 2207 -

250 2227 266 2250 ⁸
299 2231 529 2273 obtinendis.
586 2236 644 2272 Ea
660 2235 840 2281 obtinuit,
874 2235 934 2272 fir-

198 2286 336 2322 mando
355 2288 547 2336 praesidiis.

249 2337 268 2358 ⁴
296 2338 403 2377 Clota
419 2348 455 2378 et
472 2342 665 2380 Bodotria.
694 2342 820 2385 Clota,
832 2353 935 2379 nunc

199 2392 259 2429 the
289 2392 431 2443 Clyde:
469 2396 661 2441 Bodotria,
705 2396 766 2433 the
803 2395 935 2433 Form.

200 2446 302 2482 Intei
336 2460 467 2484 comm
495 2451 604 2495 ostia,
632 2458 669 2487 et
697 2450 808 2487 urbes
829 2449 936 2486 Dun-

199 2498 331 2537 barton
368 2508 404 2537 et
441 2501 673 2554 Eclinburglz,
718 2504 753 2540 in
792 2502 933 2544 ὃςοῑίὶ,

201 2560 328 2591 tantus
361 2562 415 2591 ost
435 2555 567 2593 divnsi
589 2557 715 2599 mariz
738 2556 934 2594 Caledonii

198 2617 332 2657 nempe
350 2615 387 2644 et
407 2609 640 2654 Germanici,
669 2616 793 2655 cestus,
812 2617 854 2646 ut
872 2607 934 2647 hic

199 2659 370 2698 inventus
388 2662 514 2701 fuisset
545 2664 729 2701 bellorum
752 2675 798 2700 ac
818 2663 938 2700 domi-

141 2724 164 2742 m
200 2714 364 2752 nationis
394 2717 588 2760 terminus,
621 2717 649 2754 si
683 2717 801 2754 virtus
832 2730 938 2754 exer-

200 2767 348 2805 cituum
378 2777 415 2807 et
444 2770 605 2808 Romani
637 2770 798 2807 nominis
816 2771 936 2820 gloria

200 2821 289 2858 fims
306 2829 510 2870 pateretur.

255 2872 267 2893 ⁵
299 2875 470 2926 Angusto
486 2883 674 2915 terrarum
690 2877 823 2928 spatzo.
853 2878 886 2914 Ἰ
888 2879 935 2915 ri-

198 2927 302 3017 {imm
347 2929 498 2969 circite1
541 2931 712 2970 millibus
754 2944 935 2982 passuum

226 2987 351 3020 istaut.

989 2127 1086 2166 sidia
1103 2126 1172 2164 illa
1189 2133 1339 2163 tenuere
1356 2125 1380 2161 a
1395 2122 1523 2170 Clota,
1535 2124 1602 2162 ubi
1619 2120 1726 2162 nunc

991 2181 1065 2218 Old
1084 2180 1186 2219 Kirlc
1215 2177 1385 2223 Patriae,
1413 2177 1460 2214 ad
1490 2152 1727 2222 Bodotriam,
1747 2198 1753 2204 ι

991 2235 1057 2272 ubi
1077 2245 1179 2271 nunc
1199 2228 1315 2270 ferme
1346 2231 1551 2275 Abercom,
1577 2245 1645 2283 per
1660 2229 1727 2268 tri-

990 2289 1094 2338 ginta
1110 2295 1249 2346 septem
1271 2285 1392 2323 millia
1411 2297 1605 2335 passuum.
1661 2282 1728 2322 Sic

991 2343 1113 2380 omnis
1127 2340 1281 2392 propim
1297 2339 1399 2376 sinus
1417 2339 1629 2378 tenebatur.
1719 2375 1721 2378 ,

1041 2390 1059 2415 ⁷
1090 2395 1140 2432 In
1157 2394 1268 2431 aliam
1286 2393 1455 2430 insulam.
1510 2392 1622 2431 Ultra
1638 2390 1730 2432 Clo-

992 2455 1068 2487 tam
1088 2456 1125 2486 et
1144 2446 1363 2484 Bodotriam
1381 2459 1588 2496 eorumque
1615 2454 1729 2485 aestu-

991 2503 1082 2548 aria,
1108 2500 1327 2546 Caledonia,
1347 2499 1408 2537 the
1423 2499 1620 2539 Nortlaern
1633 2503 1727 2551 part

991 2556 1040 2607 of
1060 2555 1252 2599 Scodaud,
1272 2561 1351 2591 crat
1367 2553 1446 2591 alia
1458 2553 1572 2592 ferme
1587 2553 1726 2600 insula,

992 2611 1030 2647 in
1061 2622 1176 2660 quam
1206 2608 1390 2659 Agricola
1416 2607 1539 2645 hostes
1563 2618 1730 2646 summo·

991 2671 1107 2701 verat.

1045 2714 1059 2736 ⁸
1087 2715 1228 2761 Quinto
1284 2713 1552 2765 expeditionum
1618 2725 1730 2752 auno.

994 2771 1042 2808 A.
1064 2771 1113 2808 U.
1129 2770 1175 2808 C.
1192 2773 1282 2808 835.
1301 2767 1338 2806 J.
1357 2769 1403 2806 C.
1419 2771 1483 2806 82.

1045 2822 1063 2844 ⁹
1086 2824 1197 2862 Nave
1219 2820 1356 2873 primd.
1412 2821 1534 2865 Nave,
1557 2819 1730 2859 omnium

992 2877 1130 2927 prima,
1143 2888 1228 2926 quoe
1248 2888 1332 2914 oras
1350 2873 1434 2912 illas
1449 2873 1612 2912 scrutari
1628 2884 1732 2911 ausae

992 2938 1094 2977 sunt,
1123 2939 1382 2978 transgressus·
1437 2928 1538 2966 Vide
1581 2933 1662 2977 not.
1693 2930 1732 2964 et

993 2984 1142 3023 emend.
1161 2983 1208 3021 ad
1226 2996 1311 3041 cap.
1327 2986 1392 3021 24.
1431 3033 1434 3037 Ι
