1768 3236
47 195 91 235 J.
106 196 153 234 C.
173 197 239 239 70.
293 192 372 232 AD
403 191 615 231 LIBRUM
646 191 907 264 QUINTUM
938 192 1341 233 HISTORIARUM.
1520 197 1599 241 509

55 296 276 354 tentavjt¹
299 295 448 344 Titus.
516 297 585 344 At
607 294 897 344 clementiam
922 295 1117 345 caesaris
1137 312 1358 362 pavorem
1380 295 1603 362 interpre-

54 386 218 434 tantes,
241 373 402 438 spretis
423 373 522 438 ejus
543 372 730 431 nuntiiS,
765 372 981 421 audentia
1003 390 1206 422 crevere.
1275 375 1352 423 Ex
1375 392 1431 423 eo
1454 377 1602 441 major

53 453 122 502 ira
158 450 435 517 legionibus,
486 450 781 499 contumeliae
815 449 1132 516 indignitatem
1166 450 1293 516 aegre
1331 451 1602 513 ferentibus,

54 530 282 595 certisque
325 530 468 578 ardua
513 545 710 593 quaeque
755 527 962 592 adgredi,
997 538 1050 576 ut
1092 528 1320 595 promtior
1358 529 1602 595 acriorque

54 607 170 657 ultio
190 606 326 655 foret.
395 607 708 670 Properantur
743 621 913 669 opera:
949 605 1093 654 muris
1116 606 1315 655 admotae
1342 607 1599 658 machinae:

52 696 284 749 corruptae
325 685 617 732 obsessorum
655 682 775 731 saxis
813 682 1071 747 ignibusve,
1113 682 1356 731 confestim
1395 683 1599 734 refectae.

53 762 391 828 Expugnandae
431 761 558 809 urbis
595 759 780 825 signum
819 758 916 807 dari
942 752 1084 808 *ardet
1122 760 1267 808 miles.
1339 761 1453 824 Quo
1493 762 1600 827 plus

52 839 261 903 periculi,
294 839 400 903 plus
432 837 584 886 animi.
654 838 779 885 Dato
803 836 954 901 signo,
987 836 1238 885 acerrimus
1262 838 1475 903 quisque,
1508 839 1601 888 tela

28 917 172 966 'inter
194 928 239 964 et
259 933 371 963 saxa
392 915 522 974 enisi,
557 913 711 962 diruta
733 913 920 961 alterius
943 914 1065 966 muri
1087 918 1253 978 parte‚²
1285 914 1407 963 viam
1428 914 1597 964 fecere.
1652 973 1655 975 ‚

53 997 140 1053 At,
174 993 305 1058 quod
327 993 565 1058 angustior
587 1003 684 1040 erat
706 992 872 1050 aditus,
905 1007 992 1039 nec
1015 991 1151 1040 Titus
1172 991 1427 1041 vastitatem
1447 993 1600 1042 statim

52 1072 222 1131 intulit,
257 1070 500 1120 clementia
522 1069 696 1134 potius,
732 1067 876 1133 quam
897 1068 1006 1116 belli
1032 1070 1137 1135 jure
1161 1071 1386 1117 utendum
1408 1081 1534 1119 ratus
1550 1090 1566 1131 3
1583 1073 1598 1098 ²

53 1149 203 1201 Judaei
235 1147 521 1214 indulgentia
549 1147 598 1195 in
627 1146 868 1212 perfidiam
902 1146 1045 1206 abuti,
1079 1158 1299 1211 tantoque
1336 1147 1512 1211 impetu
1549 1146 1600 1198 in

54 1245 227 1293 paucos
270 1228 548 1284 Romanos,4
581 1225 677 1290 qui,
712 1226 832 1273 duce
869 1225 996 1285 Tito,
1028 1225 1278 1284 subierant,
1310 1224 1512 1284 inruere,
1540 1220 1599 1274 'ut

54 1323 135 1354 eos
148 1316 490 1354 extra‘murum
513 1303 752 1368 pellerent.
821 1306 979 1352 Atrox
1001 1302 1079 1351 hic
1102 1304 1282 1364 caedes3
1318 1303 1566 1368 triduoque
1580 1304 1597 1332 ⁵

54 1368 105 1431 in
126 1383 247 1430 muri
277 1381 429 1441 ruina,
464 1399 603 1446 quam
624 1381 773 1431 Judaei
797 1380 1014 1445 oppositis
1050 1380 1320 1444 corporibus
1350 1381 1597 1439 vallabant,

52 1471 324 1526 pugnatum.
392 1461 606 1508 Tandem
649 1470 814 1524 quarto
854 1455 964 1517 die‚⁶
996 1457 1124 1506 victis
1160 1458 1347 1519 Iudaeis,
1380 1459 1598 1524 intusque

55 1538 338 1596 cedentibus,
371 1538 430 1586 ad
452 1538 617 1586 turrim
639 1536 893 1586 Antoniam
906 1541 922 1567 ⁷
945 1547 1136 1586 ventum
1158 1547 1240 1587 est.
1291 1605 1299 1612 Χ

122 1700 201 1749 30.
240 1693 364 1741 CUM
410 1709 464 1740 ea
507 1691 628 1741 foret
669 1693 771 1742 solo
791 1682 796 1686 ”
816 1691 1004 1740 editiore
1047 1691 1294 1750 inaccessa,
1332 1688 1493 1739 structi
1536 1689 1595 1737 ad

53 1770 420 1835 oppugnandum
460 1769 687 1836 aggeres.8
754 1771 960 1830 Interim,
1007 1781 1060 1819 ut
1092 1770 1364 1819 Judaeorum
1407 1765 1596 1816 audacia

114 1980 127 1998 ¹
158 1981 326 2020 Flectere
358 1981 534 2019 tentavit.
589 1981 681 2028 Dio,
710 1982 787 2022 loc.

59 2035 127 2073 cit.

111 2085 182 2124 A
186 2088 318 2126 lterzus
330 2089 427 2126 muri
437 2094 560 2139 parte.
586 2089 610 2127 J
614 2089 788 2139 osephus

58 2141 156 2179 Bell.
172 2141 266 2179 Jud.
285 2154 324 2178 v.
346 2147 382 2180 8.
403 2155 439 2180 n.
463 2148 498 2180 1.
538 2143 636 2207 Aiga
649 2137 682 2179 δὲ
698 2145 787 2180 1(ιῖ-

56 2209 123 2246 ue
140 2209 249 2246 ‘fam
267 2211 304 2232 ΤΟ
321 2210 432 2244 πὸκθς
451 2193 554 2248 ημέζι
570 2209 710 2248 W‘ll‘rn
725 2211 787 2245 μί-

55 2249 103 2285 τιὶ
119 2249 156 2284 τὶ
175 2249 317 2300 veih-or.
373 2248 547 2287 Alterum
577 2262 718 2287 murum
747 2250 787 2287 in

56 2310 164 2353 parte
199 2302 304 2339 urbis
335 2302 654 2363 Septemtrionali‚
691 2302 788 2353 cepit

57 2355 183 2393 Caesar
203 2354 262 2393 die
281 2356 410 2409 quinto
423 2362 510 2406 post
522 2356 684 2407 primum
703 2369 791 2406 cap-

56 2415 147 2446 tum.
204 2403 374 2453 Quintus
391 2417 519 2447 autem
537 2410 602 2447 ille
619 2409 698 2447 dies
715 2409 790 2447 fuit

56 2462 306 2500 duodecimus
342 2463 477 2500 mensis
509 2463 717 2510 Artemisii,
750 2470 788 2501 et

60 2521 122 2553 11.
143 2515 279 2553 mensis
299 2516 413 2554 Maii.

108 2565 126 2588 ³
148 2569 336 2606 Utendum
357 2576 478 2607 ratus.
506 2569 567 2606 Ita
585 2569 787 2620 Josephus‚

58 2621 133 2660 loc.
156 2622 223 2659 cit.
278 2623 375 2660 Haec
401 2623 500 2660 enim
519 2636 597 2660 una
613 2623 703 2661 Tito
720 2636 789 2661 cu-

58 2688 100 2714 ra
129 2681 171 2713 ut
201 2675 271 2714 sibi
301 2677 446 2723 urbem,
485 2676 670 2727 templum
700 2677 788 2713 urbi

59 2735 308 2767 conservaret.
354 2732 433 2794 Περὶ
450 2728 596 2767 πλείστη
611 2729 711 2781 ‘7⁶23'
699 2744 757 2767 tm
759 2746 788 2766 ι-

58 2797 126 2820 un
150 2798 260 2820 cacat
277 2798 332 2822 την
348 2782 407 2832 μὲν
426 2782 523 2821 πᾶλιν
541 2782 646 2833 abrit,
676 2798 730 2820 τυ
757 2779 791 2820 δὲ

59 2837 131 2873 'ab
147 2837 191 2887 τῇ
208 2834 317 2874 rina.

112 2888 130 2908 ⁴
157 2878 207 2926 Ῑη
231 2903 371 2939 paucos
408 2891 606 2928 Romanos.
678 2890 789 2928 Titus

59 2954 150 2980 cum
170 2943 273 2980 mille
291 2944 458 2989 armatis,
486 2950 524 2982 et
542 2944 666 2992 lectis,
694 2957 790 2997 quos

861 1982 968 2020 circa
997 1995 1035 2020 se
1063 1982 1243 2026 habebat,
1272 1979 1471 2022 militibus,
1502 1979 1598 2017 alte-

863 2048 951 2073 rum
963 2049 1117 2074 murum
1132 2043 1213 2073 erat
1224 2034 1423 2083 ingressus.
1439 2033 1597 2084 Ioseph.

863 2089 940 2127 loc.
959 2090 1027 2127 cit

917 2140 931 2163 ⁵
974 2143 1200 2192 Triduoque.
1268 2140 1473 2207 {osephus,
1517 2141 1595 2180 loc.

864 2196 931 2234 cit.
950 2210 989 2234 n.
1005 2200 1046 2234 2.
1085 2194 1258 2247 Τςισίμςν
1274 2191 1441 2242 ἀκέο-χοι
1447 2191 1594 2247 ἑμέςοιις.

916 2244 934 2266 ⁶
964 2250 1114 2294 Quarto
1156 2249 1228 2286 die.
1289 2247 1413 2294 Titus,
1459 2255 1598 2298 quarto

865 2303 939 2350 die,
982 2303 1030 2354 τῇ·
1062 2298 1220 2353 τετάρτῃ,
1261 2299 1286 2338 J
1291 2301 1416 2338 udaeos
1451 2301 1598 2341 fortiter

865 2358 1034 2403 adortus,
1062 2355 1182 2393 altero
1209 2367 1321 2392 muro
1351 2355 1495 2405 potitus
1526 2365 1596 2396 est.

866 2411 983 2456 Quod
1002 2410 1050 2447 ad
1066 2404 1380 2459 septemtrionem
1398 2411 1598 2459 spectabat

862 2464 991 2502 statim
1011 2464 1150 2500 diruit:
1170 2462 1286 2513 partis
1303 2461 1392 2499 vero
1412 2463 1597 2502 Meridio-

863 2517 959 2556 nalis
978 2518 1147 2556 turribus
1160 2515 1381 2566 praesidium
1399 2512 1597 2567 imposuit.

863 2570 1021 2622 Joseph.
1050 2570 1145 2607 ibid.
1202 2569 1376 2614 Quartus
1415 2569 1480 2606 ille
1515 2572 1596 2609 dies

865 2624 940 2662 fuit
962 2627 1024 2662 15.
1042 2623 1177 2661 mensis
1197 2623 1310 2661 Maii.

917 2674 933 2698 ⁷
966 2677 1119 2715 Turrim
1149 2676 1365 2715 Antoniam.
1422 2677 1484 2714 De
1515 2674 1596 2727 qua

866 2731 1015 2769 dictum
1032 2743 1150 2781 supra
1168 2730 1269 2768 Hist.
1287 2743 1327 2767 v.
1349 2735 1411 2769 11.

919 2780 935 2803 ⁸
983 2785 1049 2822 Ad
1093 2783 1378 2834 oppugnandum
1421 2796 1594 2834 aggeres.

865 2837 1048 2882 Quatuor
1076 2837 1265 2874 maximos
1283 2849 1432 2888 aggeres
1454 2849 1604 2876 memo-

867 2898 926 2930 rat
942 2890 1144 2942 Josephus‚
1173 2890 1270 2935 Bell.
1287 2891 1381 2929 Jud.
1400 2903 1441 2927 v.
1465 2895 1528 2928 11.
1554 2903 1593 2930 n.

865 2949 904 2984 4.
962 2945 1113 2983 Horum
1144 2956 1264 2983 unum
1284 2944 1333 2982 ad
1351 2942 1488 2982 turrim
1512 2944 1593 2983 An·
