1768 3236
138 252 147 255 Ἴ
207 193 281 235 145
687 194 733 235 C.
762 196 1025 235 CORNELII
1053 196 1234 235 TACITI

201 315 375 347 novum
399 297 476 346 tibi
499 297 592 362 ipse
615 299 852 364 negotium
874 299 1181 363 importasses,
1204 299 1499 362 Domitium,¹
1521 314 1567 351 et
1590 303 1728 353 Cato-

200 392 337 423 nem:
373 376 420 423 id
442 386 526 434 est,
560 387 735 424 nostras
759 394 944 440 quoque
967 376 1189 435 historiaS,
1225 388 1269 424 et
1294 378 1506 428 Romana
1525 380 1727 441 nomina«,

203 454 483 502 Graecorum
504 452 668 502 fabulis
690 471 978 519 aggregares.

267 615 314 655 4.
349 609 426 656 ET
468 611 721 658 Maternus
737 630 751 656 .·
787 610 1087 658 Perturbarer
1116 609 1203 659 hac
1240 610 1319 658 tufi
1347 612 1598 672 severitate,
1642 611 1735 663 nisi·

196 683 413 750 frequens
435 703 487 734 ac
510 687 685 735 assidua
723 686 854 734 nobis
884 687 1114 734 contentio
1131 689 1226 752 jam
1249 705 1392 751 prope
1416 688 1465 736 in
1486 699 1734 739 consuetu&

200 762 354 811 dinem
376 764 594 811 vertisset.
629 765 754 811 Nam
776 780 861 811 nec
885 775 935 811 tu
958 763 1127 828 agitare
1150 775 1194 811 et
1215 764 1391 828 insequi
1414 777 1570 828 poetas
1589 765 1733 815 intera

199 840 355 900 mittis,
388 852 432 889 et
469 859 575 906 ego,
609 841 683 888 cui
709 841 935 889 ‘desidiam
957 842 1306 889 advocationum
1328 842 1502 907 objicis,
1534 843 1730 907 quotidi-

199 936 341 968 anum
384 919 471 966 hoc
513 918 815 981 patrocinium
860 917 1160 966 defendendae
1203 919 1424 968 adversus
1459 935 1505 983 te
1538 921 1728 984 poeticae
1760 923 1762 926 ’

199 1014 410 1045 exerceo,
481 996 593 1059 Quo
631 996 763 1044 laetor
797 996 960 1060 magis,
993 997 1198 1044 oblatum
1232 997 1364 1044 nobis
1392 997 1614 1062 judicem,
1647 997 1729 1063 'qui

200 1091 275 1122 me
298 1074 370 1122 vel
392 1074 439 1121 in
462 1073 671 1120 futurum
693 1084 814 1120 vetet
836 1090 994 1121 versus
1015 1072 1183 1132 facere,
1197 1074 1287 1132 vel,
1310 1075 1436 1138 quod
1453 1075 1728 1140 jampridem

197 1162 327 1215 opto,
361 1148 444 1198 sua
468 1167 653 1214 quoque
674 1149 938 1201 auctoritate
977 1151 1238 1214 compellat,
1272 1161 1323 1198 ut
1345 1150 1520 1200 omissis
1540 1150 1731 1208 forensi-a

198 1230 279 1276 um
303 1245 542 1276 causarum
564 1226 796 1292 angustiis,
830 1226 877 1275 in
900 1226 1065 1290 quibus
1088 1227 1191 1274 satis
1213 1227 1323 1275 mihi
1346 1245 1575 1292 superque
1595 1230 1730 1279 sudu-

196 1320 297 1355 tum
315 1317 398 1366 est,
413 1305 683 1354 sanctiorem
695 1305 824 1352 istam
842 1317 886 1352 et
900 1304 1210 1370 augustiorem
1231 1305 1537 1369 eloquentiam
1559 1306 1729 1357 colam

262 1472 308 1512 5.
344 1465 454 1512 Eoo
493 1462 625 1519 vero,
658 1460 804 1524 inquit
847 1460 1100 1518 Secundus,
1133 1459 1379 1524 antequam
1399 1477 1490 1530 ‘me
1524 1460 1728 1528 judicem

196 1544 328 1605 Aper
348 1537 543 1598 recuset,
577 1538 758 1596 faciam,
781 1538 907 1603 quo’d
930 1537 1062 1601 probi
1085 1549 1129 1585 et
1152 1538 1344 1586 modesti
1361 1538 1538 1603 judices
1559 1539 1726 1599 solent„

194 1630 246 1667 ut
267 1619 315 1665 in
337 1618 407 1665 his
443 1616 776 1682 cognitionibus
799 1633 847 1663 se
878 1626 1115 1673 excusent,
1148 1615 1202 1662 inv
1232 1615 1397 1679 quibus
1432 1614 1725 1673 manifestum

192 1708 278 1755 est,
309 1696 493 1743 alteram
510 1694 641 1757 -apud
664 1710 741 1740 eos
764 1704 939 1756 partem
962 1692 1106 1758 gratia
1129 1692 1390 1755 praevalere.
1461 1691 1579 1756 Quis
1600 1693 1724 1751 enim
1751 1743 1756 1750 .

191 1773 352 1832 nescit,
385 1771 617 1819 neminem
655 1770 766 1818 mihi
806 1769 1165 1833 conjunctiorem
1200 1786 1298 1816 esse
1320 1779 1366 1816 et
1388 1785 1473 1816 usu
1500 1768 1724 1828 amicifiae,

191 1863 238 1899 et
281 1849 545 1898 adsiduitate
590 1846 892 1905 contubernii,
926 1846 1068 1910 quam
1107 1846 1307 1894 Saleium
1342 1847 1571 1905 Bassum‚²
1609 1846 1726 1895 cuin

191 1927 418 1991 optimum
461 1925 630 1982 virum,
671 1935 771 1971 tum
814 1923 1198 1971 absolutissimum
1240 1922 1454 1986 poetam?
1500 1922 1644 1987 porri)
1679 1921 1726 1981 *si

189 2004 367 2069 poetica
410 2013 665 2059 accusatur,
709 2017 804 2047 non
840 2000 979 2047 alium
1014 2000 1147 2047 video
1188 2017 1321 2049 reum
1361 2001 1723 2063 locupletiorem
1766 2063 1768 2066 Ι

192 2084 393 2130 Securus
429 2080 501 2137 sit,
543 2077 689 2142 inquit
729 2079 882 2141 Aper,
917 2090 962 2125 et
1001 2078 1174 2125 Saleius
1207 2080 1391 2136 Bassus,
1436 2088 1482 2124 et
1520 2077 1724 2142 quisquis
1766 2098 1768 2105 ·

189 2158 304 2205 alius
347 2156 567 2207 studium,
588 2154 776 2218 poeticae
813 2167 857 2201 et
901 2155 1173 2202 carminum'
1190 2153 1383 2219 gloriam
1427 2152 1569 2211 fov'et,
1602 2154 1724 2210 vesuri
1763 2149 1768 2201 ἶ.

191 2251 347 2281 causas
383 2250 518 2298 agere
547 2249 641 2279 non
671 2232 823 2296 possit.
893 2233 998 2297 Ego
1036 2232 1175 2289 enim,
1211 2242 1433 2295 quatenus
1457 2230 1720 2282 arbitrum,⁵
1763 2255 1768 2266 ι

187 2311 275 2358 litis
298 2311 467 2375 hujus
455 2310 623 2367 inveni,
657 2326 751 2356 non
773 2308 931 2372 patiar,
966 2311 1231 2356 Maternum
1267 2307 1478 2354 societate
1515 2290 1768 2415 plurium-g
1764 2296 1768 2315 ⁵

189 2386 401 2441 defendi:
439 2387 517 2434 sed
541 2398 584 2433 et
608 2386 772 2449 ipsum
782 2386 932 2433 solum
955 2385 1075 2448 apud
1098 2401 1179 2431 vos
1201 2400 1409 2448 arguam,
1433 2382 1564 2447 quod
1585 2394 1722 2432 natus

241 2584 254 2601 ¹
278 2583 497 2622 Domitium.
553 2584 767 2620 Romanum
790 2592 919 2632 trngoe-
949 2587 956 2639 1
998 2589 1025 2619 Ι.
1052 2581 1244 2619 lehemens
1262 2594 1305 2618 ac
1329 2580 1511 2630 poeticum
1535 2568 1719 2630 ingenium

187 2638 261 2676 diae
294 2645 572 2687 argumentum.
628 2638 820 2673 Domitius
856 2637 918 2673 illc.
990 2636 1104 2673 Saleii
1122 2635 1346 2685 Bassijuit,
1375 2646 1439 2672 nec
1463 2633 1580 2683 ipsum
1600 2644 1722 2671 senec-

186 2692 301 2730 fuisse
318 2690 410 2728 mihi
430 2691 590 2735 videtur,
614 2690 694 2740 qui,
714 2691 818 2727 julio
837 2691 919 2726 Cae-
991 2695 1070 2727 tute
1086 2694 1281 2726 mutinum.

183 2745 256 2783 sari
286 2744 562 2788 infensissimus,
594 2743 810 2780 Pharsalica
837 2745 919 2780 acie
1044 2739 1058 2760 ³
1087 2742 1279 2786 Quatenus
1303 2740 1498 2778 arbitrum.
1552 2737 1720 2784 Quandffl

184 2798 385 2836 occubuit.
440 2798 498 2834 De
515 2810 558 2833 eo
578 2797 689 2847 plura
708 2797 789 2834 vide
813 2797 915 2847 apud
990 2803 1037 2841 te,
1067 2796 1251 2840 Secunde,
1287 2794 1471 2831 arbitrum
1501 2792 1577 2830 litis
1604 2791 1720 2841 hujut

187 2851 412 2890 Suetonium
435 2850 471 2886 in
492 2850 583 2887 Ner.
605 2862 652 2887 11.
990 2861 1072 2885 mv(
1075 2862 1126 2885 m
1150 2823 1347 2908 Quatenus
1364 2858 1432 2896 pro
1451 2845 1593 2897 quando
1610 2855 1721 2885 usur-

239 2903 256 2920 ²
297 2904 456 2942 Saleium
503 2903 669 2941 Bassum.
738 2902 798 2939 De
840 2915 916 2952 quo
988 2911 1120 2951 patum
1141 2902 1225 2952 jam
1254 2900 1416 2940 vidimus
1445 2911 1562 2951 supra
1577 2896 1719 2971 Annal-

187 2958 461 3005 Quintilianus,
490 2957 673 2995 Ire-stium*
693 2955 846 2995 Orator.
874 2969 916 2995 Χ.
989 2952 1141 3000 111.16‚

1756 2494 1768 2580 Ξ

1758 2592 1768 2671 ἰ

1753 2695 1768 2791 .ἶὲ

1689 2795 1768 3236 i
