<?xml version="1.0" encoding="UTF-8"?>
<!DOCTYPE html PUBLIC "-//W3C//DTD XHTML 1.0 Transitional//EN"
    "http://www.w3.org/TR/xhtml1/DTD/xhtml1-transitional.dtd">
<html xmlns="http://www.w3.org/1999/xhtml" xml:lang="en" lang="en">
 <head>
  <title>
</title>
<meta http-equiv="Content-Type" content="text/html;charset=utf-8" />
  <meta name='ocr-system' content='tesseract 3.04.00' />
  <meta name='ocr-capabilities' content='ocr_page ocr_carea ocr_par ocr_line ocrx_word'/>
</head>
<body>
  <div class='ocr_page' id='page_1' title='image "./operarecognovite04taciuoft/operarecognovite04taciuoft_0226.png"; bbox 0 0 1768 3236; ppageno 0'>
   <div class='ocr_carea' id='block_1_1' title="bbox 176 196 1738 255">
    <p class='ocr_par' dir='ltr' id='par_1_1' title="bbox 176 196 1738 255">
     <span class='ocr_line' id='line_1_1' title="bbox 176 196 1738 255; baseline 0.006 -15"><span class='ocrx_word' id='word_1_1' title='bbox 176 196 258 240; x_wconf 81' lang='lat'>216</span> <span class='ocrx_word' id='word_1_2' title='bbox 707 199 1162 240; x_wconf 84' lang='lat' dir='ltr'><strong>SUPPLEMENTUM</strong></span> <span class='ocrx_word' id='word_1_3' title='bbox 1438 208 1491 245; x_wconf 87' lang='lat' dir='ltr'>A.</span> <span class='ocrx_word' id='word_1_4' title='bbox 1507 207 1557 247; x_wconf 91' lang='lat' dir='ltr'>U.</span> <span class='ocrx_word' id='word_1_5' title='bbox 1575 208 1623 247; x_wconf 90' lang='lat' dir='ltr'>C.</span> <span class='ocrx_word' id='word_1_6' title='bbox 1640 207 1738 255; x_wconf 72' lang='lat'>782.</span> 
     </span>
    </p>
   </div>
   <div class='ocr_carea' id='block_1_2' title="bbox 169 301 1759 819">
    <p class='ocr_par' dir='ltr' id='par_1_2' title="bbox 169 301 1759 819">
     <span class='ocr_line' id='line_1_2' title="bbox 180 301 1759 373; baseline 0.005 -20"><span class='ocrx_word' id='word_1_7' title='bbox 180 301 426 362; x_wconf 86' lang='lat' dir='ltr'>invalidus,</span> <span class='ocrx_word' id='word_1_8' title='bbox 465 302 524 351; x_wconf 89' lang='lat' dir='ltr'>ad</span> <span class='ocrx_word' id='word_1_9' title='bbox 563 302 790 353; x_wconf 83' lang='lat' dir='ltr'>atrociora</span> <span class='ocrx_word' id='word_1_10' title='bbox 824 303 1096 368; x_wconf 86' lang='lat' dir='ltr'>adspirabat.</span> <span class='ocrx_word' id='word_1_11' title='bbox 1169 307 1334 367; x_wconf 78' lang='lat' dir='ltr'>CasuS,</span> <span class='ocrx_word' id='word_1_12' title='bbox 1375 325 1436 357; x_wconf 88' lang='lat' dir='ltr'>an</span> <span class='ocrx_word' id='word_1_13' title='bbox 1473 310 1759 373; x_wconf 78' lang='lat' dir='ltr'>consilium,</span> 
     </span>
     <span class='ocr_line' id='line_1_3' title="bbox 179 379 1736 450; baseline 0.006 -20"><span class='ocrx_word' id='word_1_14' title='bbox 179 382 367 430; x_wconf 88' lang='lat' dir='ltr'>easdem</span> <span class='ocrx_word' id='word_1_15' title='bbox 396 379 649 430; x_wconf 66' lang='lat' dir='ltr'>adx&#39;rersfim</span> <span class='ocrx_word' id='word_1_16' title='bbox 673 381 942 431; x_wconf 86' lang='lat' dir='ltr'>Germanici</span> <span class='ocrx_word' id='word_1_17' title='bbox 958 382 1167 447; x_wconf 88' lang='lat' dir='ltr'>stirpem,</span> <span class='ocrx_word' id='word_1_18' title='bbox 1201 385 1368 450; x_wconf 90' lang='lat' dir='ltr'>quibus</span> <span class='ocrx_word' id='word_1_19' title='bbox 1390 386 1542 450; x_wconf 88' lang='lat' dir='ltr'>ipsum</span> <span class='ocrx_word' id='word_1_20' title='bbox 1559 389 1736 440; x_wconf 74' lang='lat' dir='ltr'>Tiberii</span> 
     </span>
     <span class='ocr_line' id='line_1_4' title="bbox 182 457 1736 527; baseline 0.005 -19"><span class='ocrx_word' id='word_1_21' title='bbox 182 458 456 525; x_wconf 84' lang='lat' dir='ltr'>sanguinem</span> <span class='ocrx_word' id='word_1_22' title='bbox 493 457 647 507; x_wconf 86' lang='lat' dir='ltr'>fuerat</span> <span class='ocrx_word' id='word_1_23' title='bbox 681 460 942 525; x_wconf 85' lang='lat' dir='ltr'>adgressus,</span> <span class='ocrx_word' id='word_1_24' title='bbox 977 471 1098 509; x_wconf 87' lang='lat' dir='ltr'>artes</span> <span class='ocrx_word' id='word_1_25' title='bbox 1124 463 1306 511; x_wconf 89' lang='lat' dir='ltr'>obtulit.</span> <span class='ocrx_word' id='word_1_26' title='bbox 1373 465 1561 515; x_wconf 88' lang='lat' dir='ltr'>Drusus</span> <span class='ocrx_word' id='word_1_27' title='bbox 1590 466 1736 527; x_wconf 87' lang='lat' dir='ltr'>enim,</span> 
     </span>
     <span class='ocr_line' id='line_1_5' title="bbox 183 535 1738 607; baseline 0.006 -22"><span class='ocrx_word' id='word_1_28' title='bbox 183 537 242 585; x_wconf 91' lang='lat' dir='ltr'>L.</span> <span class='ocrx_word' id='word_1_29' title='bbox 262 535 465 586; x_wconf 89' lang='lat' dir='ltr'>Othonis</span> <span class='ocrx_word' id='word_1_30' title='bbox 482 535 590 585; x_wconf 85' lang='lat' dir='ltr'>filiae</span> <span class='ocrx_word' id='word_1_31' title='bbox 613 538 850 601; x_wconf 92' lang='lat' dir='ltr'>quondam</span> <span class='ocrx_word' id='word_1_32' title='bbox 873 541 1067 600; x_wconf 89' lang='lat' dir='ltr'>pactus,¹</span> <span class='ocrx_word' id='word_1_33' title='bbox 1085 556 1286 589; x_wconf 87' lang='lat' dir='ltr'>uxorem</span> <span class='ocrx_word' id='word_1_34' title='bbox 1306 543 1480 607; x_wconf 91' lang='lat' dir='ltr'>accepit</span> <span class='ocrx_word' id='word_1_35' title='bbox 1496 544 1738 595; x_wconf 74' lang='lat' dir='ltr'>AEtrfiliam</span> 
     </span>
     <span class='ocr_line' id='line_1_6' title="bbox 169 613 1737 686; baseline 0.009 -28"><span class='ocrx_word' id='word_1_36' title='bbox 169 613 448 679; x_wconf 85' lang='lat' dir='ltr'>..Lepidam‚²</span> <span class='ocrx_word' id='word_1_37' title='bbox 493 614 676 680; x_wconf 86' lang='lat' dir='ltr'>generis</span> <span class='ocrx_word' id='word_1_38' title='bbox 719 614 955 663; x_wconf 86' lang='lat' dir='ltr'>nobilitate</span> <span class='ocrx_word' id='word_1_39' title='bbox 998 615 1245 682; x_wconf 87' lang='lat' dir='ltr'>insignem,</span> <span class='ocrx_word' id='word_1_40' title='bbox 1301 618 1472 684; x_wconf 87' lang='lat' dir='ltr'>ingenii</span> <span class='ocrx_word' id='word_1_41' title='bbox 1516 621 1737 686; x_wconf 62' lang='lat' dir='ltr'>pravitate</span> 
     </span>
     <span class='ocr_line' id='line_1_7' title="bbox 185 682 1735 764; baseline 0.006 -24"><span class='ocrx_word' id='word_1_42' title='bbox 185 688 380 751; x_wconf 82' lang='lat' dir='ltr'>foedam,</span> <span class='ocrx_word' id='word_1_43' title='bbox 414 691 579 741; x_wconf 89' lang='lat' dir='ltr'>marito</span> <span class='ocrx_word' id='word_1_44' title='bbox 618 682 898 751; x_wconf 84' lang='lat' dir='ltr'>discordem,</span> <span class='ocrx_word' id='word_1_45' title='bbox 934 693 1131 744; x_wconf 79' lang='lat' dir='ltr'>Caesaris</span> <span class='ocrx_word' id='word_1_46' title='bbox 1151 695 1279 755; x_wconf 90' lang='lat' dir='ltr'>odio,</span> <span class='ocrx_word' id='word_1_47' title='bbox 1313 697 1465 764; x_wconf 87' lang='lat' dir='ltr'>Sejani</span> <span class='ocrx_word' id='word_1_48' title='bbox 1486 698 1735 750; x_wconf 81' lang='lat' dir='ltr'>ambitione</span> 
     </span>
     <span class='ocr_line' id='line_1_8' title="bbox 171 768 548 819; baseline 0 0"><span class='ocrx_word' id='word_1_49' title='bbox 171 768 548 819; x_wconf 51' lang='lat' dir='ltr'>,exitiabiliorem</span> 
     </span>
    </p>
   </div>
   <div class='ocr_carea' id='block_1_3' title="bbox 104 927 1738 2084">
    <p class='ocr_par' dir='ltr' id='par_1_3' title="bbox 104 927 1738 2084">
     <span class='ocr_line' id='line_1_9' title="bbox 252 927 1738 993; baseline 0.003 -16"><span class='ocrx_word' id='word_1_50' title='bbox 252 931 298 979; x_wconf 88' lang='lat'>7.</span> <span class='ocrx_word' id='word_1_51' title='bbox 333 928 394 976; x_wconf 83' lang='lat' dir='ltr'>IN</span> <span class='ocrx_word' id='word_1_52' title='bbox 418 927 545 976; x_wconf 68' lang='lat' dir='ltr'>tanta</span> <span class='ocrx_word' id='word_1_53' title='bbox 566 928 834 993; x_wconf 88' lang='lat' dir='ltr'>regnatricis</span> <span class='ocrx_word' id='word_1_54' title='bbox 855 930 1028 979; x_wconf 74' lang='lat' dir='ltr'>domus</span> <span class='ocrx_word' id='word_1_55' title='bbox 1049 929 1341 992; x_wconf 87' lang='lat' dir='ltr'>confusione,</span> <span class='ocrx_word' id='word_1_56' title='bbox 1373 949 1470 981; x_wconf 91' lang='lat' dir='ltr'>non</span> <span class='ocrx_word' id='word_1_57' title='bbox 1505 930 1738 982; x_wconf 88' lang='lat' dir='ltr'>deferbuit</span> 
     </span>
     <span class='ocr_line' id='line_1_10' title="bbox 182 1004 1736 1076; baseline 0.005 -23"><span class='ocrx_word' id='word_1_58' title='bbox 182 1004 368 1069; x_wconf 86' lang='lat' dir='ltr'>publica</span> <span class='ocrx_word' id='word_1_59' title='bbox 401 1006 645 1056; x_wconf 87' lang='lat' dir='ltr'>accusandi</span> <span class='ocrx_word' id='word_1_60' title='bbox 678 1007 856 1056; x_wconf 88' lang='lat' dir='ltr'>rabies:</span> <span class='ocrx_word' id='word_1_61' title='bbox 891 1009 1046 1058; x_wconf 76' lang='lat' dir='ltr'>acrius</span> <span class='ocrx_word' id='word_1_62' title='bbox 1077 1009 1212 1059; x_wconf 88' lang='lat' dir='ltr'>etiam</span> <span class='ocrx_word' id='word_1_63' title='bbox 1246 1011 1428 1063; x_wconf 88' lang='lat' dir='ltr'>exarsit.</span> <span class='ocrx_word' id='word_1_64' title='bbox 1496 1011 1736 1076; x_wconf 87' lang='lat' dir='ltr'>Princeps,</span> 
     </span>
     <span class='ocr_line' id='line_1_11' title="bbox 180 1081 1736 1148; baseline 0.005 -18"><span class='ocrx_word' id='word_1_65' title='bbox 180 1081 348 1131; x_wconf 62' lang='lat' dir='ltr'>natura</span> <span class='ocrx_word' id='word_1_66' title='bbox 383 1081 587 1143; x_wconf 87' lang='lat' dir='ltr'>immitis,</span> <span class='ocrx_word' id='word_1_67' title='bbox 622 1095 692 1144; x_wconf 82' lang='lat' dir='ltr'>et,</span> <span class='ocrx_word' id='word_1_68' title='bbox 720 1085 940 1136; x_wconf 66' lang='lat' dir='ltr'>defuncta</span> <span class='ocrx_word' id='word_1_69' title='bbox 979 1100 1145 1147; x_wconf 85' lang='lat' dir='ltr'>matre,-</span> <span class='ocrx_word' id='word_1_70' title='bbox 1177 1089 1483 1148; x_wconf 87' lang='lat' dir='ltr'>truculentus,</span> <span class='ocrx_word' id='word_1_71' title='bbox 1518 1099 1569 1137; x_wconf 92' lang='lat' dir='ltr'>ut</span> <span class='ocrx_word' id='word_1_72' title='bbox 1605 1089 1736 1139; x_wconf 85' lang='lat' dir='ltr'>saevi-</span> 
     </span>
     <span class='ocr_line' id='line_1_12' title="bbox 181 1157 1736 1225; baseline 0.005 -17"><span class='ocrx_word' id='word_1_73' title='bbox 181 1157 294 1209; x_wconf 88' lang='lat' dir='ltr'>tiam</span> <span class='ocrx_word' id='word_1_74' title='bbox 315 1160 395 1209; x_wconf 88' lang='lat' dir='ltr'>diu</span> <span class='ocrx_word' id='word_1_75' title='bbox 418 1163 667 1211; x_wconf 88' lang='lat' dir='ltr'>coercitam</span> <span class='ocrx_word' id='word_1_76' title='bbox 688 1177 917 1225; x_wconf 87' lang='lat' dir='ltr'>exereret,</span> <span class='ocrx_word' id='word_1_77' title='bbox 939 1183 1101 1215; x_wconf 90' lang='lat' dir='ltr'>omnes</span> <span class='ocrx_word' id='word_1_78' title='bbox 1118 1168 1144 1216; x_wconf 93' lang='lat' dir='ltr'>J</span> <span class='ocrx_word' id='word_1_79' title='bbox 1146 1166 1251 1215; x_wconf 88' lang='lat' dir='ltr'>uliae</span> <span class='ocrx_word' id='word_1_80' title='bbox 1268 1166 1484 1215; x_wconf 89' lang='lat' dir='ltr'>amicitias</span> <span class='ocrx_word' id='word_1_81' title='bbox 1498 1170 1511 1195; x_wconf 84' lang='lat'>³</span> <span class='ocrx_word' id='word_1_82' title='bbox 1537 1178 1582 1215; x_wconf 90' lang='lat' dir='ltr'>et</span> <span class='ocrx_word' id='word_1_83' title='bbox 1603 1164 1736 1216; x_wconf 82' lang='lat' dir='ltr'>fami-</span> 
     </span>
     <span class='ocr_line' id='line_1_13' title="bbox 104 1235 1734 1309; baseline 0.006 -24"><span class='ocrx_word' id='word_1_84' title='bbox 104 1258 141 1269; x_wconf 52' lang='grc'>·”</span> <span class='ocrx_word' id='word_1_85' title='bbox 167 1235 396 1287; x_wconf 60' lang='grc' dir='ltr'>Ἰίειϊίῖεῑῐεε</span> <span class='ocrx_word' id='word_1_86' title='bbox 433 1238 642 1301; x_wconf 82' lang='lat' dir='ltr'>adflixit3</span> <span class='ocrx_word' id='word_1_87' title='bbox 680 1240 814 1307; x_wconf 91' lang='lat' dir='ltr'>eique</span> <span class='ocrx_word' id='word_1_88' title='bbox 852 1242 1068 1292; x_wconf 90' lang='lat' dir='ltr'>intimum</span> <span class='ocrx_word' id='word_1_89' title='bbox 1108 1244 1329 1309; x_wconf 89' lang='lat' dir='ltr'>equestris</span> <span class='ocrx_word' id='word_1_90' title='bbox 1358 1245 1531 1293; x_wconf 89' lang='lat' dir='ltr'>ordinis</span> <span class='ocrx_word' id='word_1_91' title='bbox 1563 1245 1734 1306; x_wconf 90' lang='lat' dir='ltr'>virum,</span> 
     </span>
     <span class='ocr_line' id='line_1_14' title="bbox 177 1314 1734 1381; baseline 0.006 -18"><span class='ocrx_word' id='word_1_92' title='bbox 177 1314 278 1381; x_wconf 72' lang='lat' dir='ltr'>qub</span> <span class='ocrx_word' id='word_1_93' title='bbox 300 1331 456 1381; x_wconf 85' lang='lat' dir='ltr'>poenae</span> <span class='ocrx_word' id='word_1_94' title='bbox 476 1316 667 1367; x_wconf 67' lang='lat' dir='ltr'>infamia</span> <span class='ocrx_word' id='word_1_95' title='bbox 689 1319 1026 1371; x_wconf 88' lang='lat' dir='ltr'>diuturniorem</span> <span class='ocrx_word' id='word_1_96' title='bbox 1048 1334 1275 1370; x_wconf 89' lang='lat' dir='ltr'>terrorem</span> <span class='ocrx_word' id='word_1_97' title='bbox 1310 1321 1499 1381; x_wconf 87' lang='lat' dir='ltr'>faceret,</span> <span class='ocrx_word' id='word_1_98' title='bbox 1533 1334 1734 1372; x_wconf 88' lang='lat' dir='ltr'>ceteros-</span> 
     </span>
     <span class='ocr_line' id='line_1_15' title="bbox 178 1395 1732 1461; baseline 0.006 -20"><span class='ocrx_word' id='word_1_99' title='bbox 178 1409 291 1458; x_wconf 89' lang='lat' dir='ltr'>que,</span> <span class='ocrx_word' id='word_1_100' title='bbox 325 1412 432 1460; x_wconf 83' lang='lat' dir='ltr'>quae</span> <span class='ocrx_word' id='word_1_101' title='bbox 469 1395 782 1459; x_wconf 89' lang='lat' dir='ltr'>imminerent,</span> <span class='ocrx_word' id='word_1_102' title='bbox 829 1401 1034 1461; x_wconf 90' lang='lat' dir='ltr'>doceret,</span> <span class='ocrx_word' id='word_1_103' title='bbox 1069 1401 1130 1448; x_wconf 81' lang='lat' dir='ltr'>²&#39;in</span> <span class='ocrx_word' id='word_1_104' title='bbox 1169 1400 1357 1449; x_wconf 82' lang='lat' dir='ltr'>antliam</span> <span class='ocrx_word' id='word_1_105' title='bbox 1391 1400 1732 1451; x_wconf 86' lang='lat' dir='ltr'>condemnavit.</span> 
     </span>
     <span class='ocr_line' id='line_1_16' title="bbox 178 1469 1732 1544; baseline 0.006 -26"><span class='ocrx_word' id='word_1_106' title='bbox 178 1469 441 1521; x_wconf 88' lang='lat' dir='ltr'>Violentior</span> <span class='ocrx_word' id='word_1_107' title='bbox 462 1491 650 1540; x_wconf 90' lang='lat' dir='ltr'>quoque</span> <span class='ocrx_word' id='word_1_108' title='bbox 673 1476 842 1542; x_wconf 87' lang='lat' dir='ltr'>Sejani,</span> <span class='ocrx_word' id='word_1_109' title='bbox 872 1477 1070 1526; x_wconf 87' lang='lat' dir='ltr'>dicteriis</span> <span class='ocrx_word' id='word_1_110' title='bbox 1091 1478 1301 1544; x_wconf 88' lang='lat' dir='ltr'>fictisque</span> <span class='ocrx_word' id='word_1_111' title='bbox 1323 1478 1554 1526; x_wconf 91' lang='lat' dir='ltr'>sententiis</span> <span class='ocrx_word' id='word_1_112' title='bbox 1574 1477 1732 1540; x_wconf 88' lang='lat' dir='ltr'>inlusi,</span> 
     </span>
     <span class='ocr_line' id='line_1_17' title="bbox 179 1547 1731 1620; baseline 0.005 -23"><span class='ocrx_word' id='word_1_113' title='bbox 179 1547 279 1609; x_wconf 80' lang='lat' dir='ltr'>ira3</span> <span class='ocrx_word' id='word_1_114' title='bbox 314 1550 517 1614; x_wconf 79' lang='lat' dir='ltr'>praemiis</span> <span class='ocrx_word' id='word_1_115' title='bbox 549 1551 732 1601; x_wconf 84' lang='lat' dir='ltr'>inritata</span> <span class='ocrx_word' id='word_1_116' title='bbox 765 1553 1094 1620; x_wconf 86' lang='lat' dir='ltr'>vestigatorum</span> <span class='ocrx_word' id='word_1_117' title='bbox 1117 1567 1162 1603; x_wconf 91' lang='lat' dir='ltr'>et</span> <span class='ocrx_word' id='word_1_118' title='bbox 1184 1567 1503 1604; x_wconf 87' lang='lat' dir='ltr'>accusatorum</span> <span class='ocrx_word' id='word_1_119' title='bbox 1525 1556 1731 1617; x_wconf 85' lang='lat' dir='ltr'>aviditas,</span> 
     </span>
     <span class='ocr_line' id='line_1_18' title="bbox 179 1627 1732 1698; baseline 0.005 -23"><span class='ocrx_word' id='word_1_120' title='bbox 179 1627 430 1692; x_wconf 71' lang='lat' dir='ltr'>praeclaros</span> <span class='ocrx_word' id='word_1_121' title='bbox 457 1643 670 1695; x_wconf 89' lang='lat' dir='ltr'>quosque</span> <span class='ocrx_word' id='word_1_122' title='bbox 693 1642 739 1678; x_wconf 90' lang='lat' dir='ltr'>et</span> <span class='ocrx_word' id='word_1_123' title='bbox 760 1631 809 1678; x_wconf 91' lang='lat' dir='ltr'>in</span> <span class='ocrx_word' id='word_1_124' title='bbox 831 1632 1009 1680; x_wconf 90' lang='lat' dir='ltr'>civitate</span> <span class='ocrx_word' id='word_1_125' title='bbox 1031 1644 1298 1697; x_wconf 84' lang='lat' dir='ltr'>praestantes</span> <span class='ocrx_word' id='word_1_126' title='bbox 1319 1633 1558 1698; x_wconf 88' lang='lat' dir='ltr'>corripuit,</span> <span class='ocrx_word' id='word_1_127' title='bbox 1592 1634 1732 1683; x_wconf 82' lang='lat' dir='ltr'>civili-</span> 
     </span>
     <span class='ocr_line' id='line_1_19' title="bbox 178 1704 1729 1775; baseline 0.006 -23"><span class='ocrx_word' id='word_1_128' title='bbox 178 1721 275 1769; x_wconf 90' lang='lat' dir='ltr'>que</span> <span class='ocrx_word' id='word_1_129' title='bbox 296 1705 431 1754; x_wconf 64' lang='lat' dir='ltr'>bello&#39;</span> <span class='ocrx_word' id='word_1_130' title='bbox 443 1704 635 1772; x_wconf 67' lang='lat' dir='ltr'>gravius</span> <span class='ocrx_word' id='word_1_131' title='bbox 665 1707 877 1758; x_wconf 89' lang='lat' dir='ltr'>confecit.</span> <span class='ocrx_word' id='word_1_132' title='bbox 946 1709 1275 1775; x_wconf 90' lang='lat' dir='ltr'>Exeipiebatur</span> <span class='ocrx_word' id='word_1_133' title='bbox 1307 1711 1563 1760; x_wconf 75' lang='lat' dir='ltr'>laetantium</span> <span class='ocrx_word' id='word_1_134' title='bbox 1593 1712 1729 1773; x_wconf 83' lang='lat' dir='ltr'>risus,</span> 
     </span>
     <span class='ocr_line' id='line_1_20' title="bbox 177 1776 1728 1854; baseline 0.006 -24"><span class='ocrx_word' id='word_1_135' title='bbox 177 1776 474 1847; x_wconf 89' lang='lat' dir='ltr'>querentium</span> <span class='ocrx_word' id='word_1_136' title='bbox 512 1785 684 1845; x_wconf 79' lang='lat' dir='ltr'>dolor,</span> <span class='ocrx_word' id='word_1_137' title='bbox 711 1786 967 1852; x_wconf 89' lang='lat' dir='ltr'>jocantium</span> <span class='ocrx_word' id='word_1_138' title='bbox 1007 1788 1305 1852; x_wconf 80' lang='lat' dir='ltr'>simplicitas,⁴</span> <span class='ocrx_word' id='word_1_139' title='bbox 1348 1789 1445 1854; x_wconf 87' lang='lat' dir='ltr'>ipse</span> <span class='ocrx_word' id='word_1_140' title='bbox 1489 1789 1728 1839; x_wconf 85' lang='lat' dir='ltr'>ebriorum</span> 
     </span>
     <span class='ocr_line' id='line_1_21' title="bbox 174 1860 1724 1932; baseline 0.006 -25"><span class='ocrx_word' id='word_1_141' title='bbox 174 1875 346 1910; x_wconf 89' lang='lat' dir='ltr'>sermo.</span> <span class='ocrx_word' id='word_1_142' title='bbox 381 1860 513 1910; x_wconf 89' lang='lat' dir='ltr'>Nihil</span> <span class='ocrx_word' id='word_1_143' title='bbox 537 1874 634 1911; x_wconf 89' lang='lat' dir='ltr'>erat</span> <span class='ocrx_word' id='word_1_144' title='bbox 656 1874 840 1912; x_wconf 90' lang='lat' dir='ltr'>tutum:</span> <span class='ocrx_word' id='word_1_145' title='bbox 874 1865 1024 1914; x_wconf 89' lang='lat' dir='ltr'>omnis</span> <span class='ocrx_word' id='word_1_146' title='bbox 1046 1866 1262 1915; x_wconf 85' lang='lat' dir='ltr'>saeviendi</span> <span class='ocrx_word' id='word_1_147' title='bbox 1284 1867 1493 1932; x_wconf 86' lang='lat' dir='ltr'>placebat</span> <span class='ocrx_word' id='word_1_148' title='bbox 1515 1867 1724 1917; x_wconf 84' lang='lat' dir='ltr'>occasio:</span> 
     </span>
     <span class='ocr_line' id='line_1_22' title="bbox 173 1941 1727 2012; baseline 0.008 -28"><span class='ocrx_word' id='word_1_149' title='bbox 173 1951 389 2004; x_wconf 90' lang='lat' dir='ltr'>unusque</span> <span class='ocrx_word' id='word_1_150' title='bbox 421 1955 613 1988; x_wconf 89' lang='lat' dir='ltr'>reorum</span> <span class='ocrx_word' id='word_1_151' title='bbox 642 1941 856 1992; x_wconf 87' lang='lat' dir='ltr'>omnium</span> <span class='ocrx_word' id='word_1_152' title='bbox 888 1955 1096 2006; x_wconf 89' lang='lat' dir='ltr'>eventus,</span> <span class='ocrx_word' id='word_1_153' title='bbox 1128 1956 1207 1994; x_wconf 88' lang='lat' dir='ltr'>aut</span> <span class='ocrx_word' id='word_1_154' title='bbox 1239 1963 1366 1995; x_wconf 92' lang='lat' dir='ltr'>mors</span> <span class='ocrx_word' id='word_1_155' title='bbox 1396 1962 1612 2012; x_wconf 86' lang='lat' dir='ltr'>propera,</span> <span class='ocrx_word' id='word_1_156' title='bbox 1644 1954 1727 1996; x_wconf 86' lang='lat' dir='ltr'>aut</span> 
     </span>
     <span class='ocr_line' id='line_1_23' title="bbox 176 2016 630 2084; baseline 0.011 -20"><span class='ocrx_word' id='word_1_157' title='bbox 176 2024 315 2082; x_wconf 86' lang='lat' dir='ltr'>turpe</span> <span class='ocrx_word' id='word_1_158' title='bbox 331 2016 630 2084; x_wconf 74' lang='lat' dir='ltr'>supplicium.</span> 
     </span>
    </p>
   </div>
   <div class='ocr_carea' id='block_1_4' title="bbox 157 2217 1731 3026">
    <p class='ocr_par' dir='ltr' id='par_1_4' title="bbox 168 2217 1725 2485">
     <span class='ocr_line' id='line_1_24' title="bbox 230 2217 1725 2283; baseline 0.007 -27"><span class='ocrx_word' id='word_1_159' title='bbox 230 2217 244 2235; x_wconf 82' lang='lat'><em>¹</em></span> <span class='ocrx_word' id='word_1_160' title='bbox 274 2218 323 2257; x_wconf 90' lang='lat' dir='ltr'>L.</span> <span class='ocrx_word' id='word_1_161' title='bbox 342 2220 501 2261; x_wconf 77' lang='lat' dir='ltr'>Othonis</span> <span class='ocrx_word' id='word_1_162' title='bbox 503 2222 606 2274; x_wconf 78' lang='lat' dir='ltr'>filiae</span> <span class='ocrx_word' id='word_1_163' title='bbox 623 2227 807 2278; x_wconf 82' lang='lat' dir='ltr'>quondam</span> <span class='ocrx_word' id='word_1_164' title='bbox 825 2242 915 2280; x_wconf 80' lang='lat' dir='ltr'>pac·</span> <span class='ocrx_word' id='word_1_165' title='bbox 978 2226 1061 2283; x_wconf 39' lang='lat' dir='ltr'>pus*</span> <span class='ocrx_word' id='word_1_166' title='bbox 1089 2232 1245 2279; x_wconf 77' lang='lat' dir='ltr'>afflixit:</span> <span class='ocrx_word' id='word_1_167' title='bbox 1272 2243 1345 2269; x_wconf 77' lang='lat' dir='ltr'>uno</span> <span class='ocrx_word' id='word_1_168' title='bbox 1378 2243 1423 2268; x_wconf 76' lang='lat' dir='ltr'>cx</span> <span class='ocrx_word' id='word_1_169' title='bbox 1453 2229 1509 2268; x_wconf 77' lang='lat' dir='ltr'>his</span> <span class='ocrx_word' id='word_1_170' title='bbox 1539 2228 1725 2280; x_wconf 66' lang='lat' dir='ltr'>equestria</span> 
     </span>
     <span class='ocr_line' id='line_1_25' title="bbox 174 2274 1724 2325; baseline 0.008 -16"><span class='ocrx_word' id='word_1_171' title='bbox 174 2276 250 2310; x_wconf 76' lang='lat' dir='ltr'>tas.</span> <span class='ocrx_word' id='word_1_172' title='bbox 290 2274 397 2313; x_wconf 85' lang='lat' dir='ltr'>Suet.</span> <span class='ocrx_word' id='word_1_173' title='bbox 411 2276 451 2313; x_wconf 80' lang='lat' dir='ltr'>in</span> <span class='ocrx_word' id='word_1_174' title='bbox 471 2277 566 2317; x_wconf 87' lang='lat' dir='ltr'>Oth.</span> <span class='ocrx_word' id='word_1_175' title='bbox 586 2292 615 2317; x_wconf 93' lang='lat'>1.</span> <span class='ocrx_word' id='word_1_176' title='bbox 646 2278 792 2321; x_wconf 88' lang='lat' dir='ltr'>Lucius</span> <span class='ocrx_word' id='word_1_177' title='bbox 807 2282 914 2323; x_wconf 81' lang='lat' dir='ltr'>Otho</span> <span class='ocrx_word' id='word_1_178' title='bbox 984 2286 1127 2324; x_wconf 77' lang='lat' dir='ltr'>ordinis</span> <span class='ocrx_word' id='word_1_179' title='bbox 1154 2286 1239 2325; x_wconf 83' lang='lat' dir='ltr'>viro</span> <span class='ocrx_word' id='word_1_180' title='bbox 1256 2289 1293 2322; x_wconf 80' lang='lat' dir='ltr'>et</span> <span class='ocrx_word' id='word_1_181' title='bbox 1313 2285 1351 2322; x_wconf 84' lang='lat' dir='ltr'>in</span> <span class='ocrx_word' id='word_1_182' title='bbox 1370 2285 1525 2323; x_wconf 72' lang='lat' dir='ltr'>antliam</span> <span class='ocrx_word' id='word_1_183' title='bbox 1555 2283 1724 2322; x_wconf 79' lang='lat' dir='ltr'>condem-</span> 
     </span>
     <span class='ocr_line' id='line_1_26' title="bbox 171 2326 1090 2382; baseline 0.018 -20"><span class='ocrx_word' id='word_1_184' title='bbox 171 2326 265 2364; x_wconf 80' lang='lat' dir='ltr'>tulit</span> <span class='ocrx_word' id='word_1_185' title='bbox 281 2333 320 2365; x_wconf 86' lang='lat' dir='ltr'>et</span> <span class='ocrx_word' id='word_1_186' title='bbox 332 2330 477 2378; x_wconf 81' lang='lat' dir='ltr'>filiam,</span> <span class='ocrx_word' id='word_1_187' title='bbox 505 2345 613 2382; x_wconf 83' lang='lat' dir='ltr'>quam</span> <span class='ocrx_word' id='word_1_188' title='bbox 631 2337 791 2374; x_wconf 79' lang='lat' dir='ltr'>nondam</span> <span class='ocrx_word' id='word_1_189' title='bbox 809 2339 915 2376; x_wconf 77' lang='lat' dir='ltr'>nubi-</span> <span class='ocrx_word' id='word_1_190' title='bbox 985 2345 1090 2378; x_wconf 81' lang='lat' dir='ltr'>nato.</span> 
     </span>
     <span class='ocr_line' id='line_1_27' title="bbox 171 2379 1719 2443; baseline 0.011 -27"><span class='ocrx_word' id='word_1_191' title='bbox 171 2379 242 2417; x_wconf 86' lang='lat' dir='ltr'>lem</span> <span class='ocrx_word' id='word_1_192' title='bbox 273 2380 420 2428; x_wconf 71' lang='lat' dir='ltr'>Druso,</span> <span class='ocrx_word' id='word_1_193' title='bbox 449 2384 668 2427; x_wconf 81' lang='lat' dir='ltr'>Germanici</span> <span class='ocrx_word' id='word_1_194' title='bbox 688 2391 796 2440; x_wconf 78' lang='lat' dir='ltr'>filio,</span> <span class='ocrx_word' id='word_1_195' title='bbox 834 2393 914 2430; x_wconf 79' lang='lat' dir='ltr'>des·</span> <span class='ocrx_word' id='word_1_196' title='bbox 1037 2393 1055 2414; x_wconf 68' lang='lat'>4</span> <span class='ocrx_word' id='word_1_197' title='bbox 1073 2393 1290 2432; x_wconf 77' lang='lat' dir='ltr'>Jocantium</span> <span class='ocrx_word' id='word_1_198' title='bbox 1307 2393 1539 2443; x_wconf 73' lang='lat' dir='ltr'>simplicitas:</span> <span class='ocrx_word' id='word_1_199' title='bbox 1586 2391 1719 2428; x_wconf 73' lang='lat' dir='ltr'>Senec-</span> 
     </span>
     <span class='ocr_line' id='line_1_28' title="bbox 168 2433 1718 2485; baseline 0.008 -15"><span class='ocrx_word' id='word_1_200' title='bbox 168 2433 320 2485; x_wconf 79' lang='lat' dir='ltr'>pondit.</span> <span class='ocrx_word' id='word_1_201' title='bbox 983 2447 1030 2484; x_wconf 84' lang='lat' dir='ltr'>de</span> <span class='ocrx_word' id='word_1_202' title='bbox 1064 2447 1228 2485; x_wconf 76' lang='lat' dir='ltr'>Benefic.</span> <span class='ocrx_word' id='word_1_203' title='bbox 1249 2444 1402 2485; x_wconf 75' lang='lat'>111.26.</span> <span class='ocrx_word' id='word_1_204' title='bbox 1456 2447 1533 2485; x_wconf 78' lang='lat' dir='ltr'>Sub</span> <span class='ocrx_word' id='word_1_205' title='bbox 1567 2444 1718 2484; x_wconf 84' lang='lat' dir='ltr'>Tiberio</span> 
     </span>
    </p>

    <p class='ocr_par' dir='ltr' id='par_1_5' title="bbox 167 2482 1731 2714">
     <span class='ocr_line' id='line_1_29' title="bbox 225 2482 1719 2553; baseline 0.009 -27"><span class='ocrx_word' id='word_1_206' title='bbox 225 2482 245 2509; x_wconf 66' lang='lat'>⁹</span> <span class='ocrx_word' id='word_1_207' title='bbox 271 2487 464 2528; x_wconf 84' lang='lat' dir='ltr'>AEmiliam</span> <span class='ocrx_word' id='word_1_208' title='bbox 483 2489 676 2543; x_wconf 83' lang='lat' dir='ltr'>Lepidam.</span> <span class='ocrx_word' id='word_1_209' title='bbox 732 2498 831 2548; x_wconf 81' lang='lat' dir='ltr'>Ejus</span> <span class='ocrx_word' id='word_1_210' title='bbox 845 2501 912 2539; x_wconf 87' lang='lat' dir='ltr'>ssa·</span> <span class='ocrx_word' id='word_1_211' title='bbox 983 2501 1128 2540; x_wconf 77' lang='lat' dir='ltr'>Coesare</span> <span class='ocrx_word' id='word_1_212' title='bbox 1144 2501 1234 2553; x_wconf 83' lang='lat' dir='ltr'>fuit</span> <span class='ocrx_word' id='word_1_213' title='bbox 1251 2500 1450 2540; x_wconf 75' lang='lat' dir='ltr'>accusandi</span> <span class='ocrx_word' id='word_1_214' title='bbox 1463 2499 1652 2553; x_wconf 78' lang='lat' dir='ltr'>frequens</span> <span class='ocrx_word' id='word_1_215' title='bbox 1680 2503 1719 2537; x_wconf 71' lang='lat' dir='ltr'>et</span> 
     </span>
     <span class='ocr_line' id='line_1_30' title="bbox 167 2540 1731 2607; baseline 0.008 -29"><span class='ocrx_word' id='word_1_216' title='bbox 167 2540 263 2593; x_wconf 82' lang='lat' dir='ltr'>gitia</span> <span class='ocrx_word' id='word_1_217' title='bbox 279 2549 318 2581; x_wconf 84' lang='lat' dir='ltr'>et</span> <span class='ocrx_word' id='word_1_218' title='bbox 338 2549 500 2583; x_wconf 88' lang='lat' dir='ltr'>mortem</span> <span class='ocrx_word' id='word_1_219' title='bbox 532 2556 720 2587; x_wconf 84' lang='lat' dir='ltr'>memorat</span> <span class='ocrx_word' id='word_1_220' title='bbox 738 2552 911 2602; x_wconf 79' lang='lat' dir='ltr'>Tacitus,</span> <span class='ocrx_word' id='word_1_221' title='bbox 975 2554 1080 2604; x_wconf 62' lang='lat' dir='ltr'>paen&amp;</span> <span class='ocrx_word' id='word_1_222' title='bbox 1090 2556 1238 2605; x_wconf 85' lang='lat' dir='ltr'>publica</span> <span class='ocrx_word' id='word_1_223' title='bbox 1256 2555 1390 2607; x_wconf 60' lang='lat' dir='ltr'>rabies,</span> <span class='ocrx_word' id='word_1_224' title='bbox 1408 2567 1488 2604; x_wconf 79' lang='lat' dir='ltr'>quoe</span> <span class='ocrx_word' id='word_1_225' title='bbox 1501 2553 1599 2592; x_wconf 86' lang='lat' dir='ltr'>omni</span> <span class='ocrx_word' id='word_1_226' title='bbox 1616 2549 1731 2591; x_wconf 78' lang='lat' dir='ltr'>civili-</span> 
     </span>
     <span class='ocr_line' id='line_1_31' title="bbox 168 2596 1718 2660; baseline 0.006 -25"><span class='ocrx_word' id='word_1_227' title='bbox 168 2596 316 2636; x_wconf 84' lang='lat' dir='ltr'>Annal.</span> <span class='ocrx_word' id='word_1_228' title='bbox 337 2608 398 2636; x_wconf 80' lang='grc' dir='ltr'>νῐ.</span> <span class='ocrx_word' id='word_1_229' title='bbox 416 2602 484 2638; x_wconf 83' lang='lat'>40.</span> <span class='ocrx_word' id='word_1_230' title='bbox 541 2601 643 2639; x_wconf 82' lang='lat' dir='ltr'>Vide</span> <span class='ocrx_word' id='word_1_231' title='bbox 672 2611 782 2644; x_wconf 89' lang='lat' dir='ltr'>stem.</span> <span class='ocrx_word' id='word_1_232' title='bbox 812 2608 910 2646; x_wconf 88' lang='lat' dir='ltr'>Caes.</span> <span class='ocrx_word' id='word_1_233' title='bbox 980 2609 1074 2646; x_wconf 84' lang='lat' dir='ltr'>bello</span> <span class='ocrx_word' id='word_1_234' title='bbox 1119 2608 1279 2660; x_wconf 63' lang='lat' dir='ltr'>gravia-3</span> <span class='ocrx_word' id='word_1_235' title='bbox 1315 2614 1482 2659; x_wconf 83' lang='lat' dir='ltr'>togatam</span> <span class='ocrx_word' id='word_1_236' title='bbox 1526 2607 1718 2646; x_wconf 77' lang='lat' dir='ltr'>civitatem</span> 
     </span>
     <span class='ocr_line' id='line_1_32' title="bbox 171 2653 1722 2714; baseline 0.012 -27"><span class='ocrx_word' id='word_1_237' title='bbox 171 2659 210 2688; x_wconf 78' lang='lat' dir='ltr'>n.</span> <span class='ocrx_word' id='word_1_238' title='bbox 230 2653 296 2689; x_wconf 75' lang='lat'>84.</span> <span class='ocrx_word' id='word_1_239' title='bbox 978 2662 1155 2714; x_wconf 59' lang='lat' dir='ltr'>confecit.</span> <span class='ocrx_word' id='word_1_240' title='bbox 1218 2662 1487 2712; x_wconf 79' lang='lat' dir='ltr'>Exeipiebatur</span> <span class='ocrx_word' id='word_1_241' title='bbox 1533 2661 1722 2700; x_wconf 68' lang='lat' dir='ltr'>ebriorum</span> 
     </span>
    </p>

    <p class='ocr_par' dir='ltr' id='par_1_6' title="bbox 157 2699 1720 3026">
     <span class='ocr_line' id='line_1_33' title="bbox 218 2699 1720 2767; baseline 0.012 -26"><span class='ocrx_word' id='word_1_242' title='bbox 218 2699 238 2724; x_wconf 75' lang='lat'><strong>³</strong></span> <span class='ocrx_word' id='word_1_243' title='bbox 267 2703 401 2744; x_wconf 76' lang='lat' dir='ltr'>Omnes</span> <span class='ocrx_word' id='word_1_244' title='bbox 416 2705 534 2745; x_wconf 77' lang='lat' dir='ltr'>Juliae</span> <span class='ocrx_word' id='word_1_245' title='bbox 558 2708 758 2751; x_wconf 68' lang='lat' dir='ltr'>amicitias.</span> <span class='ocrx_word' id='word_1_246' title='bbox 814 2714 910 2752; x_wconf 80' lang='lat' dir='ltr'>Sue·</span> <span class='ocrx_word' id='word_1_247' title='bbox 980 2728 1113 2763; x_wconf 77' lang='lat' dir='ltr'>sermo,</span> <span class='ocrx_word' id='word_1_248' title='bbox 1147 2716 1367 2767; x_wconf 77' lang='lat' dir='ltr'>simplicitas</span> <span class='ocrx_word' id='word_1_249' title='bbox 1382 2715 1627 2767; x_wconf 79' lang='lat' dir='ltr'>jocantium:</span> <span class='ocrx_word' id='word_1_250' title='bbox 1661 2713 1720 2752; x_wconf 65' lang='grc' dir='ltr'>πὶ·</span> 
     </span>
     <span class='ocr_line' id='line_1_34' title="bbox 165 2758 1718 2808; baseline 0.006 -13"><span class='ocrx_word' id='word_1_251' title='bbox 165 2761 245 2796; x_wconf 84' lang='lat' dir='ltr'>ton.</span> <span class='ocrx_word' id='word_1_252' title='bbox 274 2758 314 2796; x_wconf 85' lang='lat' dir='ltr'>in</span> <span class='ocrx_word' id='word_1_253' title='bbox 348 2759 479 2799; x_wconf 85' lang='lat' dir='ltr'>Tiber.</span> <span class='ocrx_word' id='word_1_254' title='bbox 512 2771 571 2799; x_wconf 68' lang='grc' dir='ltr'>ιι.</span> <span class='ocrx_word' id='word_1_255' title='bbox 630 2762 908 2806; x_wconf 75' lang='lat' dir='ltr'>Testamentum</span> <span class='ocrx_word' id='word_1_256' title='bbox 979 2769 1034 2807; x_wconf 76' lang='lat' dir='ltr'>hil</span> <span class='ocrx_word' id='word_1_257' title='bbox 1066 2775 1150 2808; x_wconf 84' lang='lat' dir='ltr'>erat</span> <span class='ocrx_word' id='word_1_258' title='bbox 1186 2775 1333 2808; x_wconf 77' lang='lat' dir='ltr'>tutum.-</span> <span class='ocrx_word' id='word_1_259' title='bbox 1383 2770 1498 2807; x_wconf 77' lang='lat' dir='ltr'>omnis</span> <span class='ocrx_word' id='word_1_260' title='bbox 1543 2765 1718 2807; x_wconf 73' lang='lat' dir='ltr'>saevicndi</span> 
     </span>
     <span class='ocr_line' id='line_1_35' title="bbox 162 2814 1715 2874; baseline 0.008 -25"><span class='ocrx_word' id='word_1_261' title='bbox 162 2822 304 2865; x_wconf 80' lang='lat' dir='ltr'>quoque</span> <span class='ocrx_word' id='word_1_262' title='bbox 324 2814 406 2864; x_wconf 67' lang='lat' dir='ltr'>ejus</span> <span class='ocrx_word' id='word_1_263' title='bbox 428 2826 502 2864; x_wconf 81' lang='lat' dir='ltr'>pro</span> <span class='ocrx_word' id='word_1_264' title='bbox 518 2814 633 2855; x_wconf 76' lang='lat' dir='ltr'>irrito</span> <span class='ocrx_word' id='word_1_265' title='bbox 658 2817 801 2866; x_wconf 77' lang='lat' dir='ltr'>habuit,</span> <span class='ocrx_word' id='word_1_266' title='bbox 829 2834 922 2859; x_wconf 83' lang='lat' dir='ltr'>om·.</span> <span class='ocrx_word' id='word_1_267' title='bbox 971 2824 1148 2873; x_wconf 83' lang='lat' dir='ltr'>placebat</span> <span class='ocrx_word' id='word_1_268' title='bbox 1161 2823 1317 2862; x_wconf 77' lang='lat' dir='ltr'>occasio.</span> <span class='ocrx_word' id='word_1_269' title='bbox 1373 2823 1458 2861; x_wconf 84' lang='lat' dir='ltr'>Nec</span> <span class='ocrx_word' id='word_1_270' title='bbox 1463 2826 1551 2874; x_wconf 72' lang='lat' dir='ltr'>Jam</span> <span class='ocrx_word' id='word_1_271' title='bbox 1567 2834 1715 2873; x_wconf 54' lang='lat' dir='ltr'>reorum</span> 
     </span>
     <span class='ocr_line' id='line_1_36' title="bbox 158 2867 1716 2927; baseline 0.012 -25"><span class='ocrx_word' id='word_1_272' title='bbox 158 2877 295 2917; x_wconf 66' lang='lat' dir='ltr'>aesque</span> <span class='ocrx_word' id='word_1_273' title='bbox 319 2867 507 2907; x_wconf 72' lang='lat' dir='ltr'>amicitias</span> <span class='ocrx_word' id='word_1_274' title='bbox 535 2874 573 2908; x_wconf 78' lang='lat' dir='ltr'>et</span> <span class='ocrx_word' id='word_1_275' title='bbox 589 2869 904 2923; x_wconf 76' lang='lat' dir='ltr'>familiaritate-5,</span> <span class='ocrx_word' id='word_1_276' title='bbox 976 2878 1243 2927; x_wconf 67' lang='lat' dir='ltr'>expectabatur</span> <span class='ocrx_word' id='word_1_277' title='bbox 1295 2882 1461 2925; x_wconf 74' lang='lat' dir='ltr'>eventus,</span> <span class='ocrx_word' id='word_1_278' title='bbox 1505 2875 1588 2916; x_wconf 65' lang='lat' dir='ltr'>ciam</span> <span class='ocrx_word' id='word_1_279' title='bbox 1622 2879 1716 2914; x_wconf 58' lang='grc' dir='ltr'>αδδ(</span> 
     </span>
     <span class='ocr_line' id='line_1_37' title="bbox 158 2919 1689 2973; baseline 0.014 -17"><span class='ocrx_word' id='word_1_280' title='bbox 158 2919 272 2957; x_wconf 79' lang='lat' dir='ltr'>etiam</span> <span class='ocrx_word' id='word_1_281' title='bbox 298 2920 430 2972; x_wconf 77' lang='lat' dir='ltr'>quib-us</span> <span class='ocrx_word' id='word_1_282' title='bbox 447 2921 658 2973; x_wconf 61' lang='lat' dir='ltr'>castineria</span> <span class='ocrx_word' id='word_1_283' title='bbox 680 2939 808 2967; x_wconf 85' lang='lat' dir='ltr'>curam</span> <span class='ocrx_word' id='word_1_284' title='bbox 831 2942 908 2967; x_wconf 79' lang='lat' dir='ltr'>mo-</span> <span class='ocrx_word' id='word_1_285' title='bbox 958 2942 1084 2970; x_wconf 68' lang='lat' dir='ltr'>anas.</span> <span class='ocrx_word' id='word_1_286' title='bbox 1685 2948 1689 2951; x_wconf 83' lang='grc'><strong>“</strong></span> 
     </span>
     <span class='ocr_line' id='line_1_38' title="bbox 157 2973 905 3026; baseline 0.016 -14"><span class='ocrx_word' id='word_1_287' title='bbox 157 2973 257 3014; x_wconf 75' lang='grc' dir='ltr'>ηἐηε</span> <span class='ocrx_word' id='word_1_288' title='bbox 275 2974 536 3026; x_wconf 66' lang='lat' dir='ltr'>demandarat,</span> <span class='ocrx_word' id='word_1_289' title='bbox 555 2977 662 3020; x_wconf 69' lang='lat' dir='ltr'>intra</span> <span class='ocrx_word' id='word_1_290' title='bbox 684 2981 793 3023; x_wconf 83' lang='lat' dir='ltr'>breve</span> <span class='ocrx_word' id='word_1_291' title='bbox 813 2988 905 3023; x_wconf 84' lang='lat' dir='ltr'>tem·</span> 
     </span>
    </p>
   </div>
  </div>
 </body>
</html>
