1768 3236
443 181 727 243 mametis
757 182 832 222 m:
860 156 1222 228 oRATomssus
1532 192 1612 237 207

37 314 86 342 σε.
106 295 207 338 41.
242 287 331 338 Sic
369 303 576 353 quoque,
610 287 739 352 quod
772 300 982 352 superest
1003 306 1064 338 ex
1094 290 1291 356 antiquis
1312 283 1609 354 orafdnibus:

57 360 234 425 forum,
268 381 366 413 non
400 365 673 424 emendatae,
708 382 794 413 nec
831 382 1030 430 usquam
1051 370 1110 415 ad
1131 381 1293 417 votum
1323 371 1610 434 compositae,

59 443 249 493 civitatis
269 453 598 508 argumentum
620 453 703 490 est.
774 441 894 505 Quis
917 444 1041 492 enim
1063 461 1148 506 nos
1171 446 1379 506 advocat,
1413 449 1498 496 nisi
1527 461 1608 497 aut

57 531 248 582 nocens,
280 531 361 568 aut
390 519 561 568 miser?
595 519 725 584 quod.
746 519 1050 584 municipium
1071 522 1120 568 in
1142 522 1370 572 civitatem
1401 538 1607 574 nostram

57 599 200 658 venit,
233 598 320 646 nisi
340 597 468 662 quod
489 607 568 644 aut
589 596 766 645 vicinus
787 598 1005 661 populus,
1039 610 1118 646 aut
1143 591 1403 648 'domestica
1436 602 1608 651 discor-

57 677 134 726 dia
154 675 323 742 agitat?
358 691 502 739 quam
533 671 818 738 provinciam
852 685 1056 734 tuemur,
1091 676 1176 725 nisi
1210 677 1447 741 spoliatam
1469 697 1607 729 vexa-

57 753 278 819 tamque?
346 752 505 817 Atqui
524 752 690 800 melius
717 749 876 809 fuisset
897 769 993 800 non
1015 754 1165 817 queri,
1200 772 1342 819 quam
1369 756 1604 806 vindicari.

59 832 208 896 Quod
230 831 268 879 si
288 830 571 878 inveniretur
605 829 758 893 aliqua
794 829 965 889 civitas,
997 831 1047 878 in
1076 848 1171 896 qua
1199 848 1339 880 nemo
1375 846 1604 897 peccaret,

55 901 368 974 supervacuus
403 920 519 956 esset
541 908 661 965 inter
682 908 948 965 ixmocentes
980 921 1157 968 orator,
1190 909 1308 958 sicut
1327 909 1447 960 inter
1468 928 1604 960 sanos

55 987 278 1041 medicus.
349 986 606 1049 Quomodo
638 997 794 1032 tamen
833 985 1076 1034 minimum
1115 987 1229 1041 usus
1263 988 1602 1053 minimumque

54 1063 295 1130 profectus
318 1081 390 1112 ars
413 1063 636 1111 medentis
671 1063 809 1110 habet
830 1063 878 1111 in
900 1064 971 1112 his
992 1065 1224 1129 gentibus,
1259 1083 1365 1130 quae
1400 1067 1603 1115 firmissi-

54 1143 134 1193 ma
150 1142 408 1190 valetudine
425 1159 476 1189 ac
494 1141 803 1189 saluberrimis
826 1143 1097 1206 corporibus
1119 1154 1342 1197 utuntur:
1366 1143 1429 1192 sic
1448 1144 1602 1193 minor

53 1231 293 1268 oratorum
308 1232 310 1234 ’
326 1219 659 1283 obscuriorque
694 1219 840 1285 gloria
862 1231 931 1268 est
951 1220 1070 1268 inter
1098 1222 1246 1268 bonos
1274 1237 1446 1280 mores,
1478 1233 1526 1270 et
1540 1222 1602 1270 in

1 1346 8 1349 ,
55 1296 330 1362 obsequium
351 1296 550 1362 regentis
571 1308 766 1364 paratos·
838 1297 966 1361 Quid
993 1298 1116 1345 enim
1138 1315 1256 1362 opus
1278 1310 1345 1346 est
1367 1298 1518 1364 longis
1551 1298 1602 1347 in

55 1385 216 1424 senatu
266 1375 514 1434 sententiis,
571 1375 686 1424 cum
733 1375 894 1440 optimi
944 1375 1037 1423 cito
1087 1374 1401 1424 consentiant?
1471 1375 1602 1439 Quid

55 1451 213 1500 multis
247 1454 370 1516 apud
400 1452 628 1516 populum
663 1452 977 1511 concionibus,
1013 1452 1128 1501 esim
1150 1453 1209 1500 de
1231 1451 1469 1517 republica
1503 1468 1600 1501 non

54 1529 251 1595 imperiti
281 1541 326 1578 et
359 1530 493 1578 multi
527 1530 798 1590 deliberent,
830 1531 912 1579 sed
941 1525 1295 1594 sapiefflissimus
1325 1541 1376 1581 et
1410 1529 1564 1578 unus?
1582 1532 1601 1551 ²·

56 1603 186 1671 Quid
208 1607 473 1656 voluntariis
495 1607 874 1666 accusationibus,
892 1607 1006 1656 cum
1029 1618 1125 1655 tam
1146 1607 1256 1655 raro
1279 1618 1325 1655 et
1341 1618 1436 1655 tam
1457 1605 1596 1671 parce

54 1685 304 1749 peccetur?
374 1685 503 1749 Quid
536 1685 767 1734 invidiosis
789 1697 836 1734 et
857 1685 1186 1733 excedentibus
1215 1686 1411 1732 modum
1439 1683 1598 1732 defen-

53 1761 274 1821 siom'buS,
297 1763 411 1811 cum
433 1763 674 1811 clementia
695 1763 1014 1829 cognoscentis
1036 1763 1219 1811 obviam
1241 1761 1599 1827 periclitantibus

53 1839 163 1887 eat?
230 1840 437 1907 Credite,
468 1840 645 1905 optimi,
679 1851 742 1900 et,
775 1841 823 1888 in
846 1852 1072 1906 quantum
1102 1857 1220 1904 opus
1246 1850 1332 1898 est,
1365 1838 1598 1887 disertissi-

53 1915 119 1964 mi
139 1916 242 1976 viri,
275 1916 312 1965 si
335 1928 414 1965 aut
434 1934 517 1966 vos
539 1917 769 1982 prioribus
791 1918 974 1977 seculis,
997 1929 1076 1965 aut
1095 1917 1186 1977 isti,
1218 1933 1336 1982 quos
1357 1915 1599 1975 miramur,

0 2041 4 2045 ,
52 1993 123 2042 his
145 1994 237 2042 nati
260 2007 426 2053 essent,
447 2012 501 2043 ac
524 1995 656 2043 Deus
678 1995 839 2060 aliquis
860 1995 973 2043 vitas
994 2005 1184 2054 vestras,
1216 2005 1366 2042 vestra
1388 2004 1598 2057 tempora

0 2098 3 2102 ·
53 2070 244 2135 repente
280 2071 531 2133 mutasset3
568 2089 653 2121 nec
691 2074 823 2122 vobis
857 2079 1039 2121 summa
1072 2072 1150 2119 illa
1179 2071 1278 2119 laus
1300 2082 1346 2118 et
1367 2069 1516 2135 gloria
1541 2069 1597 2118 in

54 2148 335 2213 eloquentia,
367 2166 519 2215 neque
540 2151 629 2199 illis
651 2140 819 2203 modus
841 2163 888 2199 et
900 2161 1324 2215 'temperamentum
1362 2146 1612 2196 defuisset.-

24 2243 35 2250 ‘
55 2226 106 2275 N
107 2241 198 2275 unc
216 2226 585 2292 quoniamnemo
603 2229 769 2277 eodem
786 2241 995 2294 tempore
1010 2226 1200 2292 adsequi
1212 2236 1363 2293 potest
1378 2240 1595 2291 magnam
1639 2251 1642 2254 Δ

108 2406 122 2426 ¹
145 2408 256 2451 Quod
273 2417 442 2460 superest
460 2425 503 2450 ex
522 2409 686 2463 antiqnzs
704 2426 789 2451 ora·
862 2409 1274 2451 FELICITATIS.
1347 2409 1440 2446 Inde
1501 2408 1592 2446 cum

54 2462 211 2501 'tm-ibus.
265 2463 433 2501 Forum
424 2478 562 2515 1psum‚
591 2467 695 2515 quod
726 2481 790 2504 su·
861 2466 1021 2512 Plinius,
1051 2476 1100 2502 11.
1120 2469 1158 2507 7.
1173 2463 1470 2504 innumerabilia
1493 2463 1595 2500 Deo-

0 2527 7 2546 1‘
54 2525 175 2567 perest
191 2530 239 2554 ex
257 2518 425 2567 antiquis
458 2520 686 2566 oratoribus,
712 2534 787 2558 non
859 2533 944 2558 rum
974 2519 1125 2570 agmina
1142 2518 1167 2555 ὲ
1192 2517 1419 2556 mortalibus
1447 2524 1591 2567 reperta

0 2595 1 2598 =
52 2578 110 2608 est
136 2579 399 2620 argumentum
430 2573 638 2625 emendatae
670 2582 705 2611 et
737 2576 786 2612 ad
860 2573 1115 2618 memorasset,
1134 2572 1263 2610 addit:
1294 2571 1401 2609 Deus
1420 2577 1477 2608 est
1495 2583 1594 2607 mor—

53 2632 187 2663 votum
204 2624 433 2675 compositae
452 2625 628 2664 civitatis·
686 2628 785 2669 Vide
855 2628 927 2665 tali
943 2630 1090 2678 juvare
1122 2626 1328 2671 mortalem,
1366 2630 1403 2662 et
1431 2624 1505 2662 haec
1539 2624 1590 2660 ad

7 2687 9 2690 ⁴
54 2685 135 2716 not.
152 2683 190 2714 et
206 2679 353 2721 emend.
371 2679 419 2716 ad
440 2692 526 2730 cap.
546 2684 627 2718 41.
855 2687 1030 2720 oeternam
1043 2680 1206 2732 gloriam
1224 2679 1299 2717 zia.
1356 2677 1446 2716 Hac
1462 2690 1593 2727 proce-

105 2728 448 2781 ²Sapientissimus
465 2739 502 2770 et
521 2747 628 2772 unus.
684 2733 785 2771 Laus
856 2748 914 2771 res
944 2735 1019 2772 iere
1039 2734 1220 2772 Romani:
1253 2731 1322 2770 hdo
1339 2744 1435 2768 nunc
1455 2731 1591 2768 coelesti

53 2790 108 2822 oet
124 2784 360 2835 Vespasiani,
388 2787 454 2835 qui
473 2787 510 2823 iu
529 2788 694 2825 nummis
720 2801 787 2838 ap·
851 2802 963 2838 passu
974 2801 1052 2826 cum
1066 2787 1191 2826 liberis
1202 2787 1278 2824 suis
1292 2785 1398 2823 vadit
1415 2785 1591 2821 maximus
1651 2782 1661 2788 ’

51 2837 232 2889 pellatur,
240 2839 483 2877 ADSERT
493 2840 572 2878 ΟΒ
587 2841 725 2878 LIBE
734 2842 786 2879 R-
856 2842 971 2879 omnis
1002 2842 1071 2880 oe‘ci
1101 2846 1227 2879 rector
1249 2838 1494 2889 Vespasianus
1512 2838 1592 2875 Au»

15 2936 18 2940 ,
52 2892 88 2928 'l
95 2890 169 2928 A'I
177 2892 228 2929 IS
248 2893 319 2929 PV
329 2893 426 2930 BLI
439 2894 571 2932 CAE.
628 2895 656 2931 F
667 2895 786 2932 ELI-
851 2895 1113 2946 gustasses-sis
1132 2895 1237 2933 rebus
1255 2891 1483 2931 subveniens.

55 2944 231 2985 CITAS
267 2946 338 2985 PU
352 2946 545 2987 BLICA.
603 2947 631 2985 Ι
644 2949 781 2987 IDES
