1768 3236
60 198 166 239 J.C.
189 203 255 246 29.
317 239 325 242 ,
490 194 636 234 LIBRI
666 193 863 240 QUINTI
891 195 1213 238 ANNALIUM.
1350 226 1354 230 -
1436 238 1441 241 ,
1523 205 1616 246 x5215.

129 312 177 353 4.
212 304 347 351 Fun·
370 298 420 348 in
442 310 601 348 senatu
623 298 787 348 Junius
811 297 1050 359 Rusticus,
1072 301 1404 366 componendis
1425 314 1614 369 patrum

60 382 174 432 actis
194 380 400 429 delectus
423 378 451 427 a
476 379 679 436 Caesare,
713 376 866 441 eoque
891 378 1207 428 meditationes
1228 382 1327 446 ejus
1346 381 1614 448 introspice-

60 477 114 509 re
136 459 365 508 creditus:
401 457 440 504 is
467 454 593 504 fatali
610 456 815 520 quodam
837 467 969 504 motu
993 459 1170 522 (neque
1193 459 1315 506 enim
1338 458 1444 508 ant&
1468 461 1613 526 speci·

60 554 172 587 men
194 535 459 585 constantiae
483 533 697 598 dederat)
719 551 800 582 seu
822 535 966 598 prava
988 535 1190 595 solertia,
1213 537 1346 596 dum,
1369 537 1612 590 imminen-

61 616 179 666 tium
217 614 406 673 oblitus,
451 614 626 662 incerta
662 625 814 678 pavet,
847 613 1049 662 inserere
1087 631 1137 663 se
1176 614 1506 676 dubitantibus,
1555 633 1611 668 ae

58 711 251 743 monere
291 692 503 741 consules
541 697 574 719 ‘⁶
594 687 658 739 ne
679 691 948 740 relationem
983 692 1238 757 inciperent
1251 693 1305 740 :'’
1340 693 1608 744 disserebat-

59 789 169 838 que,
205 777 238 799 ⁶⁶
262 771 479 819 brevibus
515 770 761 817 momentis
796 787 977 818 summa
999 771 1115 819 verti
1137 787 1289 834 posse,
1323 771 1612 837 quandbque

58 855 101 880 ‘⁶-
130 848 398 898 Germanici
422 848 627 912 stirpem,
662 847 742 895 ubi
765 848 961 913 spatium
979 848 1261 912 poenitentiae
1284 849 1422 909 senis,
1455 861 1608 899 resur-

56 932 98 956 ⁶⁶·
126 927 290 992 gere.”
360 926 508 974 Simul
554 926 772 989 populus,
812 926 985 991 efligies
1019 926 1293 992 Agrippinae
1323 944 1377 975 ac
1402 929 1609 978 Neronis

55 1021 240 1072 gerens,
258 1004 548 1053 circumsistit
570 1004 764 1063 curiam,
786 1003 1004 1069 festisque
1026 1005 1075 1052 in
1100 1006 1335 1054 Caesarem
1355 1006 1607 1067 ominibus,

38 1089 92 1117 -⁶⁶
125 1082 259 1131 falsas
306 1083 474 1142 literas,
516 1094 578 1142 et,
620 1082 832 1147 Principe
868 1082 1029 1142 invito,
1070 1083 1263 1132 exitium
1298 1084 1464 1133 domui
1507 1087 1608 1151 ejus

39 1166 90 1195 -⁶⁶
124 1161 351 1220 intendi,'’
401 1160 630 1209 clamitat:
688 1161 750 1209 ita
792 1162 906 1210 nihil
946 1162 1074 1210 triste
1117 1161 1198 1210 illo
1237 1161 1312 1210 die
1356 1174 1604 1227 patratum.

43 1240 340 1288 Ferebantur
361 1239 497 1287 etiam
520 1241 607 1288 sub
630 1241 895 1289 nominibus
934 1240 1246 1290 consularium
1267 1240 1390 1289 fictae
1410 1240 1461 1289 in
1477 1241 1607 1307 SeJ'a-

51 1333 169 1367 num
191 1317 444 1376 sententiae,
479 1319 800 1368 exercentibus
822 1319 1054 1385 plerisque
1076 1335 1161 1384 per
1176 1318 1432 1378 occultum,
1464 1330 1610 1384 atque

53 1396 112 1444 εὸ
137 1396 398 1460 procaciuS,
423 1395 658 1445 libidinem
671 1397 994 1463 ingeniorum:
1020 1398 1146 1446 unde
1167 1396 1234 1445 illi
1253 1397 1322 1444 ira
1343 1396 1607 1458 violentior,

42 1484 99 1522 et
143 1474 353 1522 materies
392 1474 680 1535 criminandi,
723 1481 756 1504 ⁶⁶
780 1487 989 1541 spretum
1028 1475 1241 1524 dolorem
1275 1474 1500 1539 Principis
1542 1476 1602 1524 ab

51 1557 87 1580 ⁶⁶
121 1564 312 1612 senatu3
362 1552 602 1601 descivisse
638 1554 897 1619 populum;
934 1553 1082 1602 audiri
1115 1554 1213 1619 jam
1247 1563 1294 1602 et
1328 1552 1421 1618 legi
1458 1568 1606 1602 novas

50 1634 86 1659 ⁶⁶
119 1629 381 1689 conciones,
429 1646 551 1679 nova
589 1643 774 1695 patrum
809 1632 1046 1681 consulta:
1086 1631 1198 1696 quid
1231 1619 1483 1696 reliffi'ium,
1515 1629 1605 1679 nisi

50 1712 86 1736 ‘⁶
120 1718 172 1756 ut
210 1719 427 1772 caperent
459 1707 672 1758 ferrum?
706 1721 753 1758 et
791 1727 994 1775 quorum
1032 1709 1255 1775 imagines
1293 1726 1384 1773 pro
1419 1707 1604 1758 vexillis

49 1790 85 1814 ‘⁶
118 1776 263 1834 seciiti
283 1785 455 1846 forent,
489 1788 632 1837 duces
652 1788 1044 1854 imperatoresque
1068 1786 1375 1854 deligerent.'’

113 1949 163 1990 5.
197 1944 392 1990 Iorrun
419 1944 594 2004 Caesar,
616 1944 818 2008 repetitis
839 1943 1092 1993 adversum
1114 1954 1332 2008 nepotem
1356 1953 1402 1991 et
1423 1957 1600 1991 nurum

48 2019 247 2083 probris,
261 2020 576 2085 increpitaque
592 2038 677 2086 per
692 2022 896 2070 edictum
913 2022 1066 2086 plebe,
1084 2032 1274 2085 questus
1289 2020 1414 2085 apud
1427 2026 1602 2084 patres,

48 2102 83 2125 ‘⁶
116 2097 248 2161 quod
278 2097 442 2146 fraude
478 2098 614 2162 unjus
650 2100 870 2149 senatoris
905 2099 1198 2164 imperatoria
1227 2099 1436 2163 majestas
1471 2097 1600 2145 elusa

48 2179 83 2203 ‘⁶
117 2173 302 2238 publice
327 2174 464 2234 foret,
487 2176 666 2242 integra
688 2188 843 2225 tamen
866 2177 950 2225 sibi
973 2177 1173 2225 cuncta’'
1198 2174 1473 2240 postulavit:
1509 2191 1598 2223 nee

39 2251 169 2301 ,ultra
203 2253 525 2312 deliberatum,
561 2254 831 2318 quominus,
865 2271 962 2302 non
998 2253 1188 2318 quidem
1210 2263 1420 2300 extrema
1441 2252 1601 2300 decer-

47 2340 228 2390 nerent,
267 2329 316 2378 id
361 2331 485 2379 enim
526 2332 734 2391 vetitum,
782 2332 862 2381 sed
900 2338 934 2360 ⁶⁶
957 2342 1140 2396 paratos
1183 2330 1244 2378 ad
1289 2329 1514 2378 ultionem
1551 2328 1599 2377 vi

49 2411 80 2435 ‘⁶
113 2406 336 2471 Principis
386 2408 632 2474 impediri''
686 2420 991 2460 testarentur:
1049 2408 1162 2458 olim
1214 2408 1274 2457 ad
1325 2407 1617 2465 servitutem,

43 2484 214 2551 proni,¹
248 2501 374 2534 nunc
396 2487 602 2555 projecti.
1112 2482 1115 2483 ⁷

110 2646 157 2689 6.
193 2643 444 2703 SEJANUS,
477 2642 566 2693 h'ac
588 2643 813 2710 Principis
833 2656 879 2693 et
902 2643 1089 2694 senatus
1121 2639 1414 2694 inclinatione
1442 2639 1594 2691 factus

38 2719 274 2780 audacior,
307 2720 393 2770 nisi
413 2732 569 2770 tamen
589 2721 811 2785 intestinis
828 2720 1066 2772 discordiis
1088 2731 1389 2788 grassaretur,
1406 2733 1592 2784 semper

99 2850 113 2868 ¹
145 2853 242 2891 Olim
262 2855 313 2892 ad
329 2855 548 2894 servitutem
562 2857 689 2908 proni.
732 2856 797 2900 C*
849 2857 1000 2896 utinam
1015 2854 1264 2907 quantAcum
1280 2854 1448 2894 historiae
1463 2866 1590 2900 necesq

43 2906 214 2944 Cornelii
245 2908 374 2948 Taciti
405 2910 573 2948 Annales
603 2909 786 2964 supplere
850 2913 974 2959 mate,
1002 2910 1111 2950 tanta
1129 2923 1221 2950 cum
1233 2909 1355 2950 'laude
1371 2920 1574 2961 exsequar.

44 2961 254 3012 aggredior.
312 2963 425 3022 Opus
456 2965 644 3003 arduum:
676 2964 779 3014 quod
