1768 3236
676 181 995 221 GERMANIA.
1549 190 1599 225 31

55 290 162 356 plus
183 303 268 353 per
288 285 435 335 otium
468 283 744 350 transigunt,
778 284 919 333 dediti
946 300 1129 344 somn0,
1152 284 1362 351 ciboque.
1431 287 1601 339 Fortis-

0 351 21 427 :¹¹—
57 367 200 416 simus
218 364 412 430 quisque
428 381 480 412 ac
494 362 864 412 bellicosissimus
877 362 990 410 nihil
1008 379 1166 428 agens,
1185 364 1394 429 delegata
1408 366 1600 428 domus,

9 435 16 500 ζ
56 455 103 492 et
124 443 375 531 penatium,
397 452 443 490 et
464 457 685 507 agrorum
707 457 820 488 cura
853 438 1056 489 foeminis
1078 439 1371 505 senibusque,
1395 455 1439 490 et
1471 444 1599 495 infir-

53 521 258 570 missimo
292 519 458 583 cuique
481 536 541 566 ex
562 516 787 576 familia,
774 517 858 581 ipsi
888 517 1089 564 hebent:
1157 517 1273 565 mira
1308 519 1597 570 diversitate²

54 609 250 656 naturae,
284 613 399 645 cum
419 596 558 645 iidem
588 596 799 643 homines
821 595 884 643 sic
907 606 1063 643 ament
1083 594 1311 663 inertiam,
1346 608 1392 645 et
1413 599 1596 649 oderint

55 675 271 740 quietem.
341 676 451 723 Mos
490 686 557 722 est
595 674 867 732 civitatibuS,
902 674 1026 720 ultro
1059 689 1111 720 ac
1148 672 1347 720 viritim³
1382 674 1596 737 conferre

53 752 352 816 principibus,
395 753 470 800 vel
519 753 872 810 armentorum,⁴
913 751 987 799 vel
1042 749 1270 817 frugum,⁵

53 829 232 880 honore
253 842 512 895 acceptum,
533 830 670 879 etiam
692 829 1031 880 necessitatibus
1044 826 1062 851 ⁶
1082 829 1307 879 subvenit.

56 1020 170 1058 multi
190 1021 330 1060 eruditi
347 1021 431 1068 viri,
459 1022 622 1061 deletam
650 1021 784 1060 volunt

57 1075 287 1125 particulam
306 1089 391 1115 non.
421 1075 654 1115 Certerecte
672 1077 785 1115 omit-

58 1137 212 1167 teretur.
269 1130 374 1167 Idem
400 1138 524 1168 tamen
547 1144 687 1175 sensus,
715 1144 780 1168 s‹·u

55 1182 250 1228 retinetur,
262 1196 326 1222 seu
342 1184 545 1223 omittitur.
577 1185 667 1222 Plus
680 1184 780 1222 enim

55 1237 234 1287 temporis
278 1249 346 1288 per
385 1240 509 1276 otium
555 1240 780 1289 transigunt,

55 1291 173 1342 quam
205 1289 413 1330 venatibus.
470 1293 610 1331 Paucis
640 1294 781 1345 'mensi-

0 1369 5 1379 ,.
54 1346 126 1383 bus
146 1354 349 1395 vena-ntur:
371 1346 561 1396 reliquum
579 1347 667 1384 anni
683 1360 780 1384 som-

12 1924 15 1925 ,
49 1883 201 1922 vivitur.

53 1411 103 1437 no
131 1400 295 1450 ciboque
321 1400 468 1438 datum.
525 1400 620 1439 Haec
651 1401 778 1439 adhuc

53 1453 337 1492 Canadensium
397 1453 644 1505 populorum,
684 1455 777 1493 vita.

54 1507 231 1546 oratorie
261 1507 390 1557 magis,
414 1507 531 1558 quam
562 1509 659 1554 vere,
694 1509 716 1547 J
725 1509 777 1546 ul.

53 1561 192 1609 Caesar,
207 1561 304 1599 Bell.
322 1561 429 1599 Gall.
447 1560 506 1600 vr.
523 1566 586 1600 21.
615 1562 778 1600 Germa-

49 1626 188 1653 norum
215 1616 296 1654 vita
315 1617 430 1654 omnis
457 1616 495 1653 in
522 1616 777 1655 venationibus

52 1675 89 1706 et
107 1670 146 1706 in
157 1669 293 1707 studiis
312 1670 368 1707 rei
379 1669 557 1716 militaris⁴
574 1671 757 1708 consistit.

104 1775 118 1792 ¹
148 1777 233 1827 Ipsi
250 1778 392 1815 hebent.
422 1778 579 1829 Egregie
610 1778 773 1816 dictum.

51 1830 135 1868 Nec
150 1830 190 1867 in
208 1831 489 1869 Canadensium
518 1832 633 1883 sylvis
661 1832 772 1869 aliter

276 1885 321 1922 Id
367 1885 547 1936 graphice
584 1887 772 1936 expressit

42 1938 93 1979 P.
114 1938 318 1984 Creuxius,
336 1939 515 1977 Historia
533 1939 772 1986 Canadensis,

46 2004 86 2042 p.
105 1989 171 2030 65.
200 1991 244 2030 Si
262 1993 336 2030 iter
353 1994 651 2043 venationemqne
669 2007 771 2031 exce-

45 2046 159 2094 peris,
194 2046 293 2084 humi
325 2047 466 2094 sedent,
499 2052 566 2085 aut
597 2048 635 2084 in
671 2047 769 2085 latus

44 2100 204 2137 alterum
220 2099 431 2138 incumbunt
444 2116 460 2145 ,-
479 2107 581 2139 stare
599 2101 688 2150 ipsis
697 2115 769 2151 pro

45 2152 288 2203 carnificina.-
324 2167 438 2193 crura
467 2155 568 2193 illico
597 2155 770 2192 intumes-

45 2219 127 2245 cere
162 2212 377 2246 causantur.
447 2209 613 2249 Causam
653 2209 769 2258 hujus

43 2260 186 2298 inertiae
205 2262 288 2310 jam
315 2273 430 2311 supra
460 2262 640 2300 attulerat
668 2263 766 2299 idem

43 2314 219 2365 scriptor,
237 2328 275 2367 g.
298 2319 361 2358 57.
394 2314 518 2353 Extra
541 2315 768 2354 venationem

6 2383 9 2386 ’
43 2367 220 2419 bellaque,
248 2369 427 2419 quidquid
453 2369 616 2407 laborum
640 2382 769 2407 aerum-

42 2434 245 2472 uarumque
261 2422 376 2460 vitam
398 2423 650 2472 quotidianam
667 2436 768 2461 exer-

44 2475 155 2513 citam
174 2476 294 2520 habet,
320 2476 534 2528 totumfere‘
551 2476 593 2514 id
607 2477 645 2515 in
663 2477 768 2515 mise-

42 2541 107 2567 ras
123 2529 304 2581 firminus
339 2529 415 2566 ἐἰνὶ
449 2530 639 2582 rejiciunt,
675 2536 768 2568 tam-

43 2595 152 2632 quam
169 2589 302 2621 contra
319 2582 488 2622 decorum
503 2583 554 2621 sit
570 2585 766 2638 quidquam

42 2636 67 2674 ὰ
110 2650 150 2675 se
187 2636 436 2688 Ιιιψιδεεηιοᾱί
478 2637 765 2677 ministeriorum

41 2690 195 2758 attzingi.

96 2742 253 2782 ΖΜίνᾶ
276 2744 507 2783 diversitate.
551 2745 674 2783 Immo
701 2758 766 2783 na»-

41 2804 136 2835 turae
149 2798 304 2836 omnino
323 2797 502 2837 consona.
542 2800 662 2850 Apud
681 2801 765 2837 bar-

41 2851 151 2889 barus
180 2860 352 2890 extrema
376 2860 466 2891 sunt
495 2854 640 2891 omnia:
669 2866 762 2904 pax,

39 2904 205 2951 bellum3
250 2914 389 2954 motus,
442 2907 599 2953 inertia;
644 2919 765 2954 amor,

36 2957 186 2997 odium.
241 2959 351 2999 Nihil
375 2961 583 3000 moderati.
637 2960 766 2999 Causa

1328 753 1454 817 quod
1506 771 1595 819 pro

1370 831 1593 881 Gaudent

856 1026 923 1068 est,
941 1021 1044 1072 quod
1064 1021 1209 1071 impetu
1228 1020 1360 1072 magis,
1389 1019 1507 1072 quam
1527 1035 1587 1061 ra·

857 1077 972 1122 tione,
991 1084 1181 1127 regantur.

909 1127 923 1149 ³
956 1130 1071 1167 Ultro
1090 1143 1133 1167 ac
1162 1128 1317 1167 viritim.
1348 1129 1444 1167 Haec
1465 1129 1585 1168 tribu-

854 1190 980 1221 torum
1001 1183 1221 1234 primordia.
1283 1188 1335 1221 At
1354 1190 1446 1221 tunc
1465 1183 1586 1222 colla-

854 1238 973 1275 tiones
1002 1238 1141 1275 fiebant
1171 1244 1304 1286 sponte
1333 1237 1511 1288 ultroque
1535 1251 1584 1278 ac

853 1305 932 1329 sne
970 1291 1051 1329 uua
1095 1291 1328 1329 necessitate.
1385 1291 1582 1330 Fiscorum

852 1346 962 1383 initia
978 1347 1142 1383 vidimus
1160 1357 1277 1393 supra
1294 1357 1380 1395 cap.
1403 1350 1464 1384 12.
1489 1345 1581 1384 cum

845 1413 939 1450 pars
954 1401 1078 1438 multae
1093 1399 1187 1450 regi,
1206 1400 1266 1436 vel
1280 1399 1442 1445 civitati,
1457 1399 1583 1438 exsol-

852 1462 1014 1491 veretur.
1070 1452 1332 1502 vectigalium
1377 1466 1477 1499 usus,
1510 1454 1578 1491 do·

849 1519 963 1545 cuere
983 1508 1159 1548 Romani,
1178 1507 1243 1556 qui
1262 1520 1307 1544 ea
1334 1506 1358 1544 ὲ
1377 1507 1579 1547 Germanis

850 1562 1065 1609 exigebant.
1087 1562 1119 1597 V
1127 1562 1186 1598 ide
1197 1573 1315 1611 supra
1326 1561 1426 1599 Hist.
1439 1573 1499 1599 ιν.
1511 1559 1579 1601 65.

902 1613 922 1636 ⁴·
954 1615 1024 1654 Vel
1039 1619 1303 1653 armentorum.
1350 1615 1414 1653 Sic
1433 1616 1578 1666 postee,

850 1668 941 1706 cum
976 1670 1142 1720 vigerent
1176 1669 1335 1715 tributa,
1364 1669 1462 1718 jussi
1489 1679 1580 1708 sunt

852 1723 1026 1760 Saxones
1044 1724 1193 1774 regibus
1221 1723 1357 1760 nostris
1378 1722 1578 1762 Clothario

847 1777 879 1813 1.
891 1784 928 1815 et
939 1778 1074 1828 Pipino
1085 1788 1255 1814 annuum
1268 1777 1456 1814 tributum
1468 1778 1580 1828 quin-

846 1839 975 1879 gentos
1020 1832 1131 1868 boves
1166 1842 1381 1880 vaccasque
1420 1831 1576 1870 solvere.

848 1885 948 1922 Vide
967 1885 1160 1923 eruditum
1181 1884 1414 1930 Eccardum,
1433 1885 1478 1923 de
1502 1886 1578 1925 Re-

845 1938 910 1976 bus
930 1939 1100 1977 Franciae
1119 1938 1338 1985 Orientalis,
1366 1938 1456 1977 Vol.
1478 1951 1508 1978 1.
1533 1953 1574 1990 p.

849 1997 899 2030 84
916 2001 954 2030 et
970 1997 1063 2031 480.
1399 2024 1405 2030 ,

898 2044 912 2066 ⁵
960 2046 1030 2084 Vel
1045 2046 1224 2098 frugum.
1288 2047 1422 2097 Atque
1456 2046 1574 2087 etiam

845 2100 969 2138 multo
983 2101 1070 2150 post
1085 2101 1230 2138 tributa
1245 2100 1370 2147 melle,
1386 2101 1572 2150 frugibus,

844 2161 882 2190 et
925 2154 1002 2191 alio
1038 2154 1211 2204 quolibet
1245 2160 1353 2191 terrae
1386 2164 1573 2204 proventu

843 2207 968 2245 soluta.
986 2216 1087 2245 suut.
1143 2208 1244 2245 Vide
1272 2208 1466 2246 eruditum
1496 2209 1572 2247 Ec-

844 2262 1018 2308 cnidum,
1037 2261 1130 2298 1b1d
1150 2275 1188 2312 p.
1208 2265 1300 2306 392.

894 2310 910 2332 ⁶
956 2315 1267 2353 Necessitatibus.
1312 2315 1375 2353 Ad
1416 2322 1568 2356 sumtus

842 2368 946 2415 belli,
975 2369 1145 2419 aliasque
1176 2369 1425 2416 necessitates,
1452 2378 1570 2421 atque

841 2422 878 2459 in
896 2423 1028 2473 primis
1056 2423 1105 2460 ad
1136 2423 1384 2473 publicorum
1405 2425 1572 2463 convivi-

841 2489 950 2514 orum
968 2478 1165 2528 impensas.
1217 2478 1309 2515 Inde
1331 2485 1467 2529 praeter
1484 2478 1569 2517 Ste-

841 2543 921 2577 ora,
950 2544 1023 2569 seu.
1043 2531 1190 2568 tributa
1216 2543 1357 2576 annua,
1377 2530 1570 2570 Osterstu-

840 2584 947 2634 opha,
976 2598 1042 2623 seu
1072 2584 1273 2623 paschalia
1298 2584 1457 2637 pocula,
1476 2586 1569 2626 cum

840 2639 1025 2688 publicus
1061 2645 1269 2678 conventus
1310 2644 1404 2676 esset
1436 2640 1568 2690 proxi-

838 2704 935 2740 mus,
965 2693 1114 2743 regibus
1140 2693 1276 2730 nostris
1304 2691 1567 2744 persolveban-

841 2753 918 2784 tur.
966 2746 1172 2793 Eccardus,
1195 2746 1290 2784 ibid.
1346 2746 1429 2784 Diu
1449 2748 1569 2798 viguit

839 2799 904 2837 ille
924 2813 1027 2838 usus.
1083 2799 1202 2851 Apud
1219 2800 1383 2850 majores
1406 2809 1567 2848 nostros,

839 2853 930 2891 cum
949 2866 1081 2892 eorum
1100 2852 1170 2891 filii
1197 2854 1245 2891 ad
1262 2860 1473 2903 equestrem
1502 2868 1570 2893 no·

838 2907 1025 2946 bilitatem
1043 2907 1312 2955 evehebantur,
1337 2908 1479 2954 subditi
1497 2921 1566 2959 po-

838 2961 921 3012 puli
955 2972 1116 2999 munera
1151 2962 1369 3000 offerebant.
1446 2962 1567 3005 Novis
