1768 3236
666 211 987 260 GERMANiA.
1442 254 1449 256 .
1548 220 1603 268 67

46 316 138 376 niae
160 318 425 392 porrigitur.
459 317 656 389 Propior
672 325 750 389 (ut
772 340 867 388 quo
889 322 1035 371 modo
1056 323 1197 387 paulo
1218 322 1324 373 ante
1352 323 1596 388 Rhenum,

42 403 110 452 sic
131 417 256 453 nunc
278 403 551 453 Danubium
571 401 764 467 sequar)
786 401 1235 450 Hermundurorum
1271 402 1464 462 civitas:
1499 405 1595 454 fida

38 481 308 542 Romanis,²
341 495 492 546 eoque
519 479 628 528 solis
651 481 1002 528 Germanorum
1035 495 1134 527 non
1155 479 1205 528 in
1226 479 1328 544 ripa
1364 493 1594 529 commerc-

47 559 190 619 eium‚
212 560 294 609 sed
315 559 514 624 penitus,
544 569 682 622 atque
703 557 751 605 iri
773 557 1137 621 splendidissima
1161 557 1325 606 Raetiae
1347 558 1596 621 provinciae

47 636 260 685 colonia:
281 639 295 665 ³
330 636 498 701 passim
520 647 566 684 et
587 636 684 684 sine
712 636 947 684 custode*-
969 646 1236 694 transeunt;
1273 646 1326 682 et
1342 634 1457 683 cuin
1479 647 1599 683 cete-

46 712 111 762 ris
145 715 359 780 gentibus
387 724 516 762 arma
546 713 692 761 modo
723 723 962 777 castraque
991 724 1146 761 nostra
1179 712 1501 771 ostendamus·5
1526 713 1598 760 his

47 792 232 851 domos,
271 792 493 856 villasque
530 790 846 855 patefecimus,
872 804 979 839 non
1013 789 1455 854 concupiscentibus.
1459 791 1475 817 ⁵
1542 790 1597 837 In

45 862 392 918 Hermunduris
409 869 543 917 Albis
565 865 749 929 oritur‚⁶
770 869 946 918 flumen
965 869 1192 934 inclytum
1206 879 1252 916 et
1265 878 1430 925 notum
1452 867 1591 927 olim,

43 963 172 997 nune
196 948 380 998 tantum
402 947 600 996 auditur.
604 951 622 978 ⁷

52 1135 57 1139 -
109 1111 191 1152 42.
226 1096 421 1155 ΙυΧτΑ-
450 1084 1073 1165 Ηεήῂᾱῃᾶυιόἒ.κῖωῆὲέὶ,3’
1109 1110 1161 1153 ac·
1202 1102 1368 1151 deinde
1406 1093 1592 1149 Marco.

38 1183 225 1237 manni⁹
246 1194 291 1231 et
316 1184 470 1246 Quadi
487 1186 520 1208 ¹⁰
538 1196 697 1250 agunt.
731 1185 971 1249 Praecipua
984 1185 1428 1231 Marcomannorum
1442 1179 1591 1245 gloria

102 1337 116 1355 ¹
136 1337 184 1376 H
184 1331 487 1377 crntunduroiurli
507 1337 655 1378 civitas.
706 1335 780 1379 Po-

45 1393 159 1443 pulos
177 1392 263 1442 illos
279 1393 302 1430 a
321 1393 475 1440 virtute,
505 1390 552 1430 H
551 1398 777 1442 eet-mamzer

45 1451 85 1485 'et
103 1446 127 1484 ὲ
148 1447 328 1485 Romanis
343 1447 634 1486 Hermunduros
654 1449 776 1487 dictos

45 1501 193 1538 volunt.
253 1502 355 1539 Inter
383 1500 529 1547 Albim,
567 1502 710 1548 Salam,
739 1511 778 1541 et

46 1554 501 1600 Boiemum‚habitavere.
527 1555 775 1594 Deindchm

12 1636 13 1639 η
45 1609 331 1656 Marcomanni,
360 1608 463 1646 Boiis
488 1607 512 1646 a
531 1609 777 1648 Maroboduo

44 1663 179 1713 pulsis,
204 1663 404 1700 Boiemum
421 1662 686 1712 occupassent,
706 1666 778 1715 ipsi

44 1716 413 1755 Marcomannorum
431 1716 534 1753 sedes
549 1718 701 1756 sedibus
715 1732 777 1756 su—

41 1770 75 1808 is
93 1771 285 1816 addidere,
308 1770 464 1822 hucque
481 1782 617 1808 nomen
636 1773 778 1810 Suev-o

43 1836 131 1862 rum
148 1824 323 1870 intulere,
351 1826 451 1862 unde
471 1826 660 1875 regionem
675 1826 774 1866 hanc

44 1878 175 1924 adbuc
194 1873 358 1916 dicimus
376 1878 527 1917 suabia.

97 1927 117 1947 ²
151 1931 248 1970 Fida
282 1931 471 1970 Romanis.
525 1932 637 1970 Tunc
674 1931 773 1980 fida3

41 1986 174 2038 postea
191 1999 281 2024 cum
302 1986 588 2024 Marcomannis
613 1985 697 2025 aliis
727 2001 776 2026 ue

40 2040 246 2080 Germanis
274 2039 451 2077 adversus
479 2040 684 2087 Romanos,
714 2042 772 2079 A.

43 2093 210 2141 Aurelii,
237 2094 304 2145 qui
326 2107 389 2131 eos
407 2093 512 2141 vicit,
541 2094 775 2145 principatu,

42 2147 318 2198 conspiravere.
373 2147 475 2184 Vide
501 2147 710 2199 capitolin.
735 2148 774 2186 in

43 2203 172 2240 Marc.
191 2202 327 2240 Aurcl.
347 2206 462 2239 xxii.

95 2252 114 2275 ³
134 2251 304 2294 Colonid.
359 2258 538 2305 Augusta
554 2255 777 2293 Vindelico-

41 2314 144 2356 rum‚
170 2322 274 2347 nunc
307 2308 528 2360 Augsbuffg,
554 2309 778 2360 splendidis-

41 2362 141 2408 sima
185 2360 336 2401 colonia
380 2362 587 2414 provinciae
631 2363 775 2410 Raetiae‚

41 2417 157 2465 cujus·
172 2425 268 2460 tunc
288 2423 473 2468 parserat
490 2416 722 2455 Vindelicia.

93 2467 116 2490 ⁴
141 2469 232 2508 Sine
259 2470 422 2513 custode,
478 2470 542 2508 Ob
572 2483 707 2521 pacem
739 2477 776 2508 et

40 2524 262 2562 societatem
285 2536 376 2561 cum
397 2523 579 2562 Romanis
607 2525 777 2562 incusto-

43 2577 112 2614 ‘diti
143 2585 250 2616 erant
280 2577 460 2615 transitus
477 2585 515 2615 et
530 2577 610 2616 sine
641 2579 776 2628 pretio.

42 2629 145 2669 Vide
163 2640 279 2682 supra
298 2631 400 2669 Hist.
419 2642 479 2669 lv.
497 2629 564 2669 65.

94 2678 109 2705 ⁵
149 2685 240 2722 Non
282 2685 633 2734 concupiscentibus.
694 2685 775 2723 Has

40 2749 132 2788 opes
168 2738 429 2776 Romanorum
465 2744 583 2789 atque
617 2738 774 2777 delicias

38 2804 119 2830 non
148 2792 472 2842 concupiscebant
495 2791 774 2841 Hermunduri,

41 2856 119 2885 suis
135 2847 318 2884 contenti.

93 2893 112 2915 ⁶
140 2899 250 2950 Albe
268 2899 406 2938 oritur.
462 2896 541 2940 Hic
567 2906 667 2939 errat
691 2905 775 2952 gm-

0 2980 3 2982 >
39 2952 136 2990 riter
151 2952 324 3000 Tacitus,
351 2954 382 2991 si
402 2954 543 2993 fontem
561 2954 684 3005 Egrae,
704 2954 772 3005 qui

39 3005 81 3043 in
102 3006 382 3048 Hermunduris
400 3009 535 3061 oritur,
562 3018 653 3049 cum
671 3008 772 3048 fonte

853 1340 978 1387 Albis,
1006 1338 1072 1389 qui
1106 1339 1187 1374 erat
1217 1337 1321 1388 apud
1344 1337 1592 1374 Marcoman*

851 1400 917 1432 nos
936 1395 974 1432 in
995 1393 1166 1437 Boiemo,
1186 1391 1416 1429 confuderit.
1462 1388 1590 1437 Incly-

851 1455 933 1486 tum
962 1447 1119 1499 quidem
1142 1445 1235 1482 olim
1253 1458 1298 1482 ac
1318 1452 1455 1482 notum
1477 1441 1589 1479 Albis

849 1502 989 1540 flumen
1039 1499 1168 1545 Drusi,
1212 1499 1371 1544 Tiberii,
1422 1495 1588 1533 Domitii

849 1556 1038 1600 victoriis3
1058 1561 1109 1599 at,
1127 1554 1194 1590 diu
1217 1554 1254 1590 in
1274 1553 1346 1590 hoc
1368 1549 1587 1589 Germaniae

848 1609 1029 1660 penetrali
1065 1607 1263 1645 silentibus
1292 1606 1414 1653 bellis,
1455 1604 1588 1641 Romae

846 1664 995 1701 tantum
1014 1661 1116 1700 fama
1133 1662 1376 1699 audiebatur.
1433 1658 1529 1696 Inde
1548 1657 1588 1694 in

847 1717 1028 1768 signando
1046 1715 1157 1753 Albis
1179 1715 1280 1753 fonte
1300 1711 1587 1764 Geographicas

847 1772 1109 1808 Romanorum
1124 1769 1276 1806 tabulas
1294 1767 1451 1806 minime
1470 1776 1590 1802 accui-

846 1832 948 1862 ratas
972 1824 1085 1862 fuisse
1108 1823 1191 1860 vide
1185 1828 1271 1861 ·tur.
1327 1821 1440 1859 Forte
1460 1828 1585 1857 tamen

848 1877 1125 1924 Hermunduri,
1179 1877 1270 1914 cum
1321 1876 1360 1912 i'n
1408 1873 1588 1912 exercitu

848 1932 1082 1971 Marobodui
1114 1930 1350 1977 militassent,
1388 1929 1492 1967 sedes
1523 1938 1589 1964 ac

847 1999 980 2038 cepere
996 1986 1035 2024 in
1053 1985 1098 2023 ea
1122 1991 1230 2036 parte
1258 1983 1422 2028 Boiemi‚
1448 1983 1488 2019 in
1508 1980 1588 2031 qud.

847 2041 960 2087 Albis
995 2040 1130 2078 oritur.
1183 2039 1295 2076 Tunc
1330 2037 1463 2075 nullus
1489 2035 1589 2073 foret

846 2093 972 2133 Taciti
1009 2103 1124 2138 error,
1164 2098 1208 2130 ut
1236 2092 1362 2129 videre
1391 2096 1447 2128 est
1479 2089 1588 2140 apud

845 2149 1038 2186 eruditum
1083 2147 1318 2192 Eccmdum,
1370 2143 1415 2182 de
1457 2140 1586 2181 Rebus

847 2202 1019 2240 Francia:
1038 2199 1258 2246 orientalis,
1285 2198 1360 2237 vol.
1381 2207 1408 2236 1.
1429 2211 1467 2249 p.
1488 2202 1527 2242 7.

899 2254 915 2276 ⁷
949 2255 1113 2294 Tantam
1144 2254 1315 2292 auditur.
1372 2251 1481 2291 Olim
1506 2251 1587 2289 vic‘-

847 2309 1010 2348 tricibus
1019 2311 1284 2347 Romanorum
1294 2307 1420 2352 armis,
1428 2313 1583 2344 notum:

847 2373 964 2411 nunc,
981 2362 1280 2414 praepotentibus
1299 2361 1585 2398 Germanorum

847 2419 973 2465 rebus,
991 2415 1093 2454 fama
1113 2415 1263 2454 tantum
1282 2414 1453 2453 auditur.
1482 2413 1585 2453 Vide

845 2484 965 2522 supra
985 2470 1292 2508 Annal.1V.44.

903 2520 917 2543 ⁸
939 2525 1112 2563 Narisci.
1168 2524 1272 2561 Inter
1289 2518 1583 2561 Hermunduros

849 2585 886 2616 et
898 2579 1197 2616 Marcomannos
1205 2576 1320 2615 fuere
1337 2576 1502 2620 Narisci,
1514 2576 1585 2613 ubi

849 2645 951 2670 nunc
965 2636 1058 2683 part
1075 2630 1124 2684 ⁰f
1133 2627 1314 2677 Remuria,
1333 2631 1490 2668 between
1509 2628 1584 2667 Bo-

848 2682 967 2723 hemia
983 2687 1059 2724 and
1079 2686 1141 2724 the
1157 2684 1333 2723 Danube.

900 2738 918 2760 ⁹
938 2739 1215 2778 Marcomanni.
1254 2739 1373 2776 Nun'c
1394 2736 1585 2775 Bdhemia.

902 2789 937 2809 ¹⁰
954 2794 1009 2831 Et
1022 2792 1160 2838 Quadi.
1192 2793 1252 2830 De
1262 2788 1425 2837 Quadis,
1445 2791 1585 2828 Valen-

845 2846 979 2885 tiniani
996 2853 1034 2884 et
1053 2845 1230 2884 Valentis
1255 2851 1379 2892 aetate,
1410 2845 1585 2891 Ammia-

844 2913 915 2938 nus
933 2900 1199 2946 Marcellinus,
1219 2911 1350 2939 xxrx.
1371 2901 1433 2936 15.
1481 2888 1585 2939 Qud·

844 2954 974 2992 dorum
990 2954 1095 2991 natio
1112 2959 1213 2992 motu
1231 2949 1287 2993 est'
1305 2952 1427 2992 excita
1457 2964 1584 3001 repen-

844 3007 936 3054 tino,
962 3001 1098 3059 partim
1122 3019 1218 3051 minc
1231 3005 1494 3059 formidanda
1520 3004 1587 3042 sed
