1768 3236
442 204 727 245 DiAtoous
757 203 833 243 DE
862 193 1227 257 ORATOmBUS.
1520 208 1597 248 163

55 330 141 364 sex
172 324 218 365 et
252 309 582 377 quinquaginta
610 312 789 370 annm,¹
824 310 992 373 quibus
1031 327 1146 359 mox
1179 310 1311 360 divus
1347 313 1594 379 Augustus

54 380 389 456 rempublicam
410 380 559 437 rexit}
593 388 738 454 adjice
759 388 934 437 Tiberii
967 399 1059 436 tres
1081 399 1128 436 et
1158 388 1336 454 viginti,
1369 401 1415 438 et
1446 408 1596 456 prope

54 467 408 534 quadriennium
454 466 590 525 Caii,²
633 482 686 514 ac
730 466 800 514 bis
844 467 1236 530 quaternosdenos
1250 468 1263 494 ³
1319 468 1500 520 Claudii
1546 480 1595 518 et

55 546 257 595 Neronis
289 561 450 603 annos,
483 557 621 609 atque
641 544 793 608 ipsum
817 545 1003 603 Galbae,
1033 555 1079 593 et
1114 543 1332 603 Othonis,
1355 557 1401 592 et
1422 545 1594 593 Vitellii

0 641 8 651 ·
57 640 205 688 unum
227 626 438 681 armum,⁴
459 639 510 670 ac
533 634 711 670 sextam
728 624 826 687 jam
847 620 991 670 felicis
1008 621 1146 687 hujus
1167 622 1450 686 principatus
1464 624 1593 671 stati-

56 704 247 760 onem,⁵,
275 700 368 766 qua
404 699 707 763 Vespasianus
751 698 1086 763 rempublicam
1119 697 1264 757 fovet,
1314 710 1501 747 centum
1545 712 1593 750 et

2 840 6 843 μ
55 779 215 843 viginti
235 778 342 826 anni
355 774 373 799 ⁶
395 779 452 826 ab
468 777 653 826 interitu
673 777 910 826 Ciceronis
930 777 978 824 in
1000 778 1125 826 hunc
1148 777 1271 826 diem
1293 777 1596 843 colliguntur,

12 907 26 915 l
58 857 195 906 unius
215 856 558 905 hominis-aetas.
615 857 740 904 Nam
762 855 858 919 ipse
875 873 965 921 ego
981 855 1029 903 in
1051 854 1288 904 Britannia
1310 855 1402 904 vidi
1418 871 1597 916 senem,

57 935 138 1000 qui
153 951 202 983 se
225 933 445 982 fateretur
477 934 518 981 ei
550 949 723 998 pugnae
736 937 751 963 ⁷
782 932 1057 991 interfuisse,
1091 931 1184 998 qua
1216 934 1450 982 Caesarem
1481 932 1598 981 infe-

59 1025 238 1060 rentem
259 1028 387 1060 arma
404 1011 670 1070 Britanniae,
691 1028 848 1059 arcere
870 1011 1115 1071 littoribus,
1137 1022 1183 1060 et
1205 1011 1377 1075 pellere
1393 1010 1597 1076 adgressi

59 1102 180 1140 sunt.
249 1091 317 1138 Ita
348 1089 385 1137 si
407 1106 533 1148 eum,
556 1089 635 1153 qui
656 1100 858 1148 armatus
882 1091 939 1139 C.
966 1089 1139 1139 Caesari
1161 1089 1338 1149 restitit,
1360 1090 1435 1138 vel
1458 1089 1598 1154 capti-

13 1201 17 1205 Δ
61 1168 190 1226 vitas,
213 1167 286 1215 vel
303 1167 530 1226 voluntas,
554 1167 627 1214 vel
644 1165 791 1214 fatum
810 1166 999 1231 aliquod
1015 1167 1063 1214 in
1086 1168 1270 1215 Urbem
1286 1167 1600 1231 pertraxisset,

60 1245 184 1294 idem
204 1246 437 1294 Caesarem
457 1243 610 1308 ipsum
633 1256 678 1293 et
701 1244 978 1294 Ciceronem
999 1244 1157 1293 audire
1179 1245 1345 1309 potuit,
1367 1257 1412 1294 et
1433 1245 1602 1293 nostris

0 1353 11 1365 ι
62 1339 252 1387 quoque
282 1322 535 1370 actionibus
567 1322 797 1371 interesse.
865 1323 1089 1371 Proximo
1121 1323 1311 1388 quidem
1333 1322 1566 1388 congiario
1581 1319 1599 1344 ⁸

61 1399 146 1464 ipsi
174 1400 345 1448 vidistis
367 1401 612 1466 plerosque
634 1417 782 1461 senes,
805 1402 885 1467 qui
907 1419 956 1450 se
979 1401 1007 1449 a
1040 1400 1148 1449 divo
1171 1417 1357 1466 quoque
1380 1404 1600 1466 Augusto

61 1478 203 1526 semel
225 1489 362 1542 atque
383 1478 552 1527 iterum
571 1478 798 1543 accepisse
820 1478 1106 1544 congiarium
1127 1479 1392 1527 narrabant:
1419 1495 1479 1526 ex
1501 1493 1599 1542 quo

63 1554 217 1621 colligi
240 1566 405 1619 potest,
428 1566 474 1603 et
497 1555 786 1604 Corvinum⁹
806 1557 863 1604 ab
885 1556 973 1604 illis
995 1567 1041 1604 et
1062 1555 1276 1604 Asinium
1298 1555 1444 1604 audiri
1465 1567 1600 1619 potu-

62 1632 163 1680 isse.
230 1634 356 1680 Nam
394 1633 624 1681 Corvinus
658 1634 707 1681 in
752 1634 958 1684 medium
1001 1650 1148 1699 usque
1191 1633 1395 1699 Augusti
1434 1631 1600 1698 princi-

122 1846 134 1863 ¹
180 1846 253 1887 Sex
288 1855 325 1887 et
361 1850 631 1903 quinquaginta
665 1867 792 1892 annos.
922 1850 937 1872 ⁸
962 1853 1159 1891 Proximo
1204 1852 1347 1903 quidem
1394 1850 1602 1902 congiario.

0 1911 6 1938 >1
65 1901 241 1939 Totidem
269 1913 517 1943 numerantur
543 1908 591 1943 ab
617 1907 690 1946 hoc
710 1911 793 1946 Au·
870 1908 1029 1945 Biennio
1073 1907 1183 1946 ante:
1229 1919 1328 1944 auno
1373 1905 1600 1955 Vespasiani

0 1956 2 1962 '
22 1976 29 1982 -
67 1955 165 2004 gusti
194 1957 397 1995 consulatu
426 1958 475 1996 ad
506 1960 589 2009 ejus
620 1971 792 2009 mortem,
870 1971 1019 2013 quarto,
1041 1961 1149 1999 U.C.
1168 1957 1258 1999 826.
1277 1961 1409 1998 datum
1429 1967 1483 1997 est
1499 1958 1601 1997 illud

0 2032 7 2045 ³*
69 2022 154 2060 ‹3¹¹ae
167 2011 325 2061 contigit
342 2015 392 2049 Α·
415 2012 461 2050 U·
480 2013 524 2050 C·
546 2011 638 2059 767.
871 2016 1120 2066 congiarium,
1139 2015 1252 2065 cujus
1283 2014 1466 2051 memoria
1492 2019 1601 2050 extat

122 2060 140 2078 ²
167 2062 263 2102 Caii.
293 2066 377 2103 Caii
399 2066 598 2116 Caligula».
872 2070 908 2107 in
926 2082 1083 2106 nummo
1102 2068 1326 2113 Domitiani,
1340 2069 1370 2106 C
1382 2067 1418 2105 O
1430 2068 1464 2104 N
1477 2067 1528 2105 G.
1546 2067 1602 2103 11.

123 2113 139 2136 ³
196 2117 265 2156 Bis
310 2122 621 2169 quaternosdcnos
669 2133 797 2159 annos.
873 2124 1000 2162 COS.
1023 2123 1077 2161 11.
1101 2123 1140 2160 id
1160 2130 1227 2169 est,
1259 2121 1489 2173 congiarium
1507 2120 1602 2158 alte-

70 2170 202 2209 Ferme
219 2173 510 2222 quatuordecim
538 2188 654 2213 annos
681 2175 801 2226 impn-
873 2171 967 2223 rzim,
988 2177 1211 2214 Domitiano
1227 2177 1374 2214 consule
1388 2174 1603 2212 secundam.

70 2225 168 2262 ravit
186 2225 396 2265 Claudius:
427 2228 586 2267 totidem
608 2230 725 2267 Nero.
876 2232 919 2268 ln
937 2244 1095 2268 nummo
1115 2239 1268 2280 quoque
1285 2229 1378 2273 Titi,
1398 2230 1445 2266 T.
1464 2228 1537 2266 CA
1552 2229 1604 2265 E·-

123 2276 143 2299 *
173 2278 296 2318 Unum
321 2293 469 2318 annum.
503 2283 548 2331 In
575 2283 691 2321 MSS.
721 2283 799 2320 Va·
877 2285 993 2323 SAR
1038 2284 1334 2322 VESPASIA
1348 2283 1464 2320 NUS
1508 2282 1604 2319 ΤΗ.

71 2332 185 2370 lic.ct
195 2334 426 2372 editionibus
437 2338 636 2384 veteribus,
650 2338 799 2388 longum
877 2340 920 2377 P.
939 2337 1070 2381 COS.
1099 2338 1157 2376 11.
1184 2346 1222 2375 et
1249 2351 1297 2375 ex
1325 2335 1456 2374 avers&
1483 2343 1603 2387 parte,

71 2392 107 2422 et
126 2400 235 2424 unum
252 2401 400 2426 annum.
877 2392 1065 2431 CONG.
1108 2392 1239 2430 TER.
1285 2392 1330 2429 P·
1383 2391 1431 2429 R.
1478 2390 1548 2427 ΙΜ
1561 2391 1605 2428 Ρ.

126 2437 140 2458 ⁵
170 2439 417 2491 Principutlis
450 2443 660 2481 stationem.
699 2443 798 2481 Sex·
878 2446 921 2483 Μ
935 2448 967 2483 Α
980 2446 1032 2483 Χ.
1062 2445 1196 2483 DAT.
1223 2444 1262 2483 id
1281 2450 1346 2490 est,
1375 2443 1609 2496 congiarium·

70 2501 155 2530 tum
174 2491 397 2545 Vespasiani
416 2508 570 2543 annum,
597 2498 665 2547 qui
683 2498 800 2549 coepit
875 2499 1029 2537 tertium
1047 2497 1194 2550 ⁴populo
1227 2499 1393 2538 Romano
1435 2497 1611 2548 impensis

71 2546 94 2585 J
101 2547 179 2586 ulio
199 2561 338 2593 mense,
355 2551 406 2588 A.
425 2547 476 2587 U.
494 2550 541 2592 C.
561 2555 663 2594 827.>
876 2553 1042 2591 maximis
1077 2554 1217 2590 datum.
1265 2553 1325 2590 De
1359 2552 1418 2590 his
1445 2551 1608 2600 aliisque

125 2595 143 2616 ⁶
171 2601 325 2640 Centum
349 2609 387 2641 et
403 2602 541 2654 viginti
569 2605 670 2642 anni.
726 2605 803 2642 Ro·
879 2607 1101 2657 Principum
1123 2607 1383 2644 Romanorum
1403 2605 1607 2655 congiariis

75 2654 192 2692 tunde
220 2655 384 2694 dictum.
442 2658 542 2694 Nam
568 2658 667 2695 inter
693 2659 802 2696 Cice·
877 2661 999 2698 fusius
1019 2661 1169 2698 dicetur
1186 2661 1223 2698 iu
1244 2668 1323 2697 not.
1337 2668 1376 2698 et
1391 2659 1538 2697 emend.
1557 2658 1606 2695 ad

74 2708 402 2759 mnispmortemwt
418 2710 639 2761 Vespasiani
658 2724 801 2749 annum
879 2727 966 2764 cap.
990 2718 1051 2757 17.
1082 2714 1217 2764 Ibique
1235 2714 1491 2752 illustrabitur
1506 2725 1609 2762 egre-

75 2769 227 2800 sextum
245 2771 334 2801 sunt
350 2764 500 2802 tantum
518 2766 610 2813 anni
630 2770 718 2809 117.
879 2769 985 2818 gium
1003 2769 1185 2806 Caesareae
1201 2767 1451 2806 Bibliothecae
1462 2766 1498 2804 V
1502 2766 1609 2804 indo-

130 2811 154 2866 ⁷*
176 2814 227 2852 Ei
254 2829 406 2868 pugnae.
437 2817 534 2857 Fuit
556 2818 639 2858 hoec
678 2831 804 2870 pugna
882 2822 1055 2859 bonensis
1076 2828 1376 2860 monumentum.

76 2869 127 2906 A·
146 2865 196 2906 U·
217 2869 265 2911 C,
292 2869 384 2915 699.
426 2869 543 2910 Illum
571 2872 661 2911 vero
678 2886 803 2910 senem
935 2873 957 2919 ⁹,
982 2874 1194 2913 Corvinum.
1227 2875 1437 2914 Corvinum
1466 2872 1610 2916 Messa·

78 2921 117 2958 in
152 2922 352 2961 Britannia
385 2924 510 2962 videre
544 2937 621 2964 non
666 2927 805 2979 potuit,
883 2927 974 2973 lam,
993 2936 1032 2965 ct
1059 2928 1236 2966 Asinium
1260 2927 1484 2982 Pollionem,
1513 2938 1613 2977 saepn

78 2975 149 3014 nisi
167 2985 254 3026 post
269 2980 320 3021 Aa
341 2974 388 3016 U,
406 2978 452 3016 C.
472 2982 563 3017 800.
717 2987 724 2995 ·
857 2975 865 2983 ’
885 2994 1001 3032 supra
1018 2981 1205 3026 laudatos.
