1768 3236
4 2204 16 2207 a
69 2162 265 2200 eruditum
297 2163 580 2210 Gord0n‚,10c.
613 2164 679 2201 cit.
733 2165 807 2200 Ta-

0 2275 3 2318 f
73 2270 221 2308 Florius
255 2270 466 2315 Maternus,
505 2274 705 2321 praefectus
733 2273 808 2310 Co-

673 195 977 243 AGRICOLA.
1520 197 1601 233 121.

54 300 142 367 ῐεὲε,1
159 307 266 366 rari,
284 316 330 354 et
351 302 588 354 vitabundi
609 301 825 358 invicem,
847 297 1102 363 longinqua
1122 309 1260 362 atque
1281 298 1381 346 avia
1401 297 1598 363 petiere:

52 384 159 434 finis
195 383 416 449 sequendi
452 398 563 441 nox*
573 392 619 428 et
641 380 817 428 satietas
839 375 954 425 fuit:
992 393 1110 424 caesa
1131 376 1333 424 hostium
1354 378 1414 423 ad
1437 377 1601 425 decem

55 463 228 510 millia:
286 472 552 510 nostrorum
587 457 779 506 trecenti
818 454 1054 520 sexaginta
1099 454 1334 502 cecidere:
1383 454 1432 501 in
1470 453 1600 519 queis

0 592 2 596 ,
56 541 213 595 Aulus
234 539 435 597 Atticus,
469 535 716 601 praefectus
746 532 980 590 cohortis‚¹
1012 526 1202 597 juvenili
1224 531 1390 579 ardore
1411 542 1458 579 et
1478 531 1600 592 fero-

59 617 128 666 cia
152 617 258 682 equi
281 615 675 664 hostibus‘illatus.

127 782 206 821 38.
241 773 320 822 ΕΤ
343 789 441 820 nox
465 771 653 837 quidem
687 769 857 835 gaudio
893 766 1144 832 praedaque
1179 766 1283 814 laeta
1318 765 1595 815 victoribus:

61 850 268 898 Britanni
290 850 510 914 palantes,
543 848 785 912 mixtoque
806 847 1014 895 virorum
1037 845 1379 908 mulierumque
1400 844 1600 909 ploratu,

59 929 242 976 trahere
279 927 561 985 vulneratos,
608 942 774 973 vocare
812 924 1034 988 integros,
1068 923 1279 970 deserere
1324 922 1507 981 domos,
1546 939 1599 970 ac

60 1023 146 1070 per
179 1006 296 1053 iram
318 1005 442 1053 ultro
463 1004 738 1053 incendere:
776 1002 945 1068 eligere
983 1002 1193 1059 latebras,
1226 1011 1272 1048 et
1293 1001 1444 1048 statim
1465 999 1601 1048 relin-

12 1085 16 1092 '
59 1100 233 1148 quere:
270 1083 460 1131 miscere
493 1082 689 1130 invicem
712 1080 899 1129 consilia
919 1079 1088 1143 aliqua,
1122 1078 1227 1126 dein
1249 1094 1488 1142 separare:
1524 1077 1602 1125 ali-

62 1161 250 1225 quando
273 1159 425 1225 frangi
446 1171 631 1224 aspectu
649 1158 898 1224 pignorum
920 1173 1130 1215 suorum,
1148 1155 1318 1219 saepisis
1335 1154 1601 1204 concitariz²

59 1237 257 1303 satisque
279 1239 514 1286 constabat
536 1237 715 1287 saevisse
737 1235 964 1300 quosdam
980 1237 992 1261 ³
1028 1233 1076 1280 in
1099 1235 1318 1298 conjuges
1339 1250 1392 1282 ac
1415 1234 1602 1294 liberos,
1623 1273 1626 1275 .
1647 1256 1651 1260 ·

4 1363 12 1365 ,
58 1327 294 1380 tamquam
338 1315 677 1363 misererentur.
752 1312 1002 1362 Proximus
1046 1311 1143 1359 dies
1186 1309 1353 1358 faciem
1395 1311 1602 1360 victoriae

64 1392 202 1442 latius
245 1394 450 1458 aperuit:
503 1404 683 1441 vastum
728 1390 900 1455 ubique
945 1388 1192 1446 silentium,
1239 1387 1402 1435 secreti
1446 1389 1606 1448 collae,

60 1469 283 1518 fumantia
303 1471 466 1535 procul
488 1482 624 1530 tecta,
655 1486 794 1517 nemo
817 1466 1185 1531 exploratoribus
1207 1465 1399 1514 obvius:
1435 1466 1604 1530 quibus

59 1548 108 1595 in
130 1565 319 1596 omnem
341 1559 519 1612 partem
541 1546 752 1605 dimissis,
776 1545 854 1593 ubi
875 1545 1050 1592 incerta
1069 1542 1197 1609 fugae
1219 1543 1425 1609 vestigia,
1447 1559 1601 1608 neque

66 1643 262 1691 usquam
285 1625 554 1691 conglobari
577 1625 730 1673 hostes
748 1634 1058 1687 compertum,
1088 1633 1135 1669 et
1155 1620 1317 1670 exacta
1334 1623 1430 1687 jam
1452 1633 1609 1670 aestate

63 1703 217 1769 spargi
254 1703 431 1751 bellum
469 1703 704 1768 nequibat,
738 1702 786 1749 in
825 1702 940 1748 fines
973 1701 1316 1747 Horestorum⁴
1350 1699 1607 1747 exercitum

65 1780 266 1829 deducit.
335 1780 403 1828 Ibi
424 1780 619 1844 acceptis
641 1779 892 1837 obsidibus,
926 1776 1148 1841 praefecto
1171 1776 1323 1824 classis
1357 1781 1390 1804 “
1414 1776 1609 1824 circum-

3 1905 9 1911 ,
66 1862 99 1886 “
123 1858 229 1906 vehi
251 1857 566 1906 Britanniam’'
583 1860 598 1886 ⁵
620 1857 859 1922 praecepit:
897 1857 1015 1904 datae
1038 1855 1097 1902 ad
1118 1854 1166 1902 id
1187 1853 1325 1912 vires,
1342 1865 1388 1901 et
1408 1871 1604 1917 praeces-

66 1946 188 1983 serat
223 1946 402 1983 terror:
438 1935 533 2000 ipse
572 1936 774 2001 peditem
795 1947 933 2000 atque
955 1932 1130 1998 equites
1152 1932 1276 1980 lento
1299 1931 1477 1990 itinere,
1511 1931 1608 1997 quo

721 2023 748 2045 Α

125 2106 139 2124 ¹
161 2107 368 2160 Proefectus
387 2109 561 2147 cohortis.
618 2109 684 2147 Sic
702 2110 807 2160 apud
873 2107 1019 2158 saepizis,
1046 2106 1154 2158 qudm
1174 2106 1210 2144 in
1217 2105 1462 2159 formidinem
1480 2105 1615 2143 stimu-

877 2163 1016 2200 lautur.

931 2213 946 2235 ³
976 2215 1130 2253 Str-cisse
1158 2213 1345 2264 quosdam.
1400 2213 1533 2251 Talem
1562 2214 1614 2251 fc-

878 2270 1020 2307 rociam
1044 2269 1255 2306 notavimus
1272 2279 1400 2316 supra,
1429 2269 1475 2305 de
1494 2263 1615 2306 Mori-

881 2326 952 2362 bus
979 2324 1273 2368 Germauorum,
1307 2333 1393 2371 cap.
1432 2326 1498 2367 37.
1534 2332 1614 2360 not.

881 2391 966 2427 sup.

933 2430 953 2452 ⁴
990 2430 1250 2468 Horestorum.
1305 2429 1473 2476 Horcsti,
1512 2442 1616 2468 nunc

883 2487 1029 2535 Augus,
1078 2483 1216 2521 Scotiae
1261 2484 1469 2534 provincia,
1520 2484 1617 2522 inter

460 2581 471 2588 .
495 2581 501 2590 ,
847 2563 850 2573 2
881 2538 1092 2589 provinc-ias
1137 2536 1340 2576 Strathem
1388 2545 1427 2575 et
1468 2537 1616 2584 Menos,

245 2580 462 2618 FLORH‘
481 2579 506 2617 5
537 2580 643 2619 ΜΑ-
885 2592 1082 2630 Orientem
1103 2591 1240 2628 versus.

71 2213 162 2253 bula
181 2229 319 2254 xxxv.
337 2229 442 2254 num.
459 2221 496 2254 2.
508 2213 740 2255 memomtur
756 2217 806 2262 Q.

70 2323 187 2362 hortis
203 2324 335 2376 primae
352 2325 607 2375 Tungrorum.
655 2352 658 2357 ·

381 2438 507 2477 DEO

245 2510 446 2548 MARTI
480 2511 639 2556 QVIN

208 2651 456 2688 TERNVS
486 2650 684 2687 PRAEF
937 2645 948 2666 ⁵
990 2645 1222 2683 &munirem
1250 2644 1501 2683 Britanniam.
1558 2646 1620 2683 De

247 2720 384 2759 (3011.
414 2721 446 2759 Ι.
474 2721 643 2758 TVNG
883 2699 956 2737 hac
977 2700 1093 2737 classe
1110 2699 1345 2736 Britanniam
1360 2699 1621 2741 circumvecta

311 2792 363 2831 V·
392 2792 431 2830 S.
464 2792 509 2829 L·
540 2791 601 2829 M.
884 2754 1031 2792 dictum
1064 2760 1119 2790 est
1146 2753 1235 2791 satis
1260 2753 1298 2789 iu
1323 2759 1401 2790 not.
1420 2761 1458 2790 et
1473 2754 1621 2791 emend.

885 2808 933 2845 ad
967 2820 1052 2857 cap.
1082 2810 1146 2844 28.
1202 2807 1378 2844 Profecta
1407 2814 1464 2844 est
1495 2815 1622 2844 autem

134 2859 153 2876 ²
172 2859 315 2911 Soepitis
332 2861 527 2899 concitari.
573 2860 610 2897 V
614 2860 675 2898 erit
696 2862 819 2898 obser-
886 2862 1014 2899 classis
1027 2862 1077 2897 ab
1093 2860 1269 2898 aestuario
1286 2860 1381 2903 Tao,
1397 2872 1499 2897 nunc
1513 2859 1642 2897 Firtlz-

25 2929 27 2931 ¹
81 2923 210 2952 vatum
229 2915 252 2951 ὲ
269 2915 407 2952 'l'acito
426 2915 526 2952 Hist.
548 2926 596 2951 11.
613 2918 678 2952 44.
699 2915 819 2951 homi·
887 2915 934 2966 qs
948 2915 1043 2966 Tay,
1068 2922 1138 2951 aut
1155 2914 1176 2951 ὲ
1194 2913 1312 2964 paulo
1329 2914 1523 2963 superiore
1540 2925 1627 2963 por-

80 2980 144 3007 nes
175 2968 338 3007 extrema
371 2968 624 3018 desperatione
653 2969 704 3006 ad
720 2968 817 3006 iram
845 2965 852 3026 j
890 2977 946 3015 tu,
975 2970 1042 3018 qui
1063 2979 1165 3005 nunc
1185 2968 1329 3006 dicitur
1347 2967 1562 3006 Montrose:
