1768 3236
88 195 128 243 3.
141 201 190 240 c,
205 202 272 240 44.

477 197 624 236 LIBRI
653 196 855 236 DECIMI
884 195 1204 238 ANNALIUM'.

1560 187 1638 241 407

82 302 350 353 militarium
409 298 680 349 fortissimos
729 315 858 348 arma
911 299 1104 365 insignia
1147 311 1385 364 tamquam
1429 298 1635 365 participi

79 480 209 518 scelus
237 480 390 518 tandem
417 492 505 517 eum
531 478 687 524 exuere,
715 478 821 522 cnm,

83 534 229 572 famosa
240 535 279 571 in
291 533 506 572 Annalibus
520 533 738 571 Sinensibus
753 533 824 570 im-

85 587 180 638 perii
211 588 337 638 pestis,
380 588 459 625 Pao
488 587 575 624 Ssee
606 587 823 624 concubina

84 641 324 692 imperatoris
345 641 384 679 Y
383 655 448 679 eon
471 640 618 691 Ouang,
646 640 713 691 qui
746 653 825 689 reg-

85 707 176 732 nare
194 695 310 745 coepit
328 707 429 733 anno
448 699 540 738 781.
560 694 664 731 A.C.
687 706 753 731 usa
768 707 826 730 ar-

86 749 190 786 tibus
207 749 387 791 eunuchi‚
417 747 543 797 adegit
559 746 822 798 imperatorem

86 815 247 840 uxorem
259 815 367 840 suam
389 801 595 852 legitimam
612 802 825 852 repudiare,

55 857 246 906 'ejusque
289 855 413 893 filium
457 855 701 905 imperatorio
736 855 825 904 jure

87 911 265 948 orbatum
299 909 560 960 pronuntiare,
595 917 640 946 ut
674 908 824 961 ipsauin

87 963 339 1014 imperatoriae
402 963 532 1000 uxoris
590 962 826 1012 dignitatem,

88 1017 251 1067 ejusque
280 1016 381 1054 filius
409 1017 448 1054 in
478 1015 694 1054 hereditatis
721 1029 825 1066 spem

88 1071 365 1109 adsumeretur.
421 1071 498 1108 Ubi
534 1077 707 1107 votorum
755 1070 828 1107 fuit

87 1137 259 1176 compos,
289 1137 363 1162 non
381 1124 506 1162 solum
529 1124 708 1161 eunucho
726 1123 773 1161 de
791 1138 829 1161 se

91 1178 188 1217 bene
218 1178 353 1216 merito
382 1187 526 1228 gratam
547 1190 595 1214 ac
624 1190 829 1216 memorem

87 1245 129 1270 se
151 1232 337 1283 praestitit,
364 1245 530 1282 eumque
560 1230 704 1282 palatio
736 1244 830 1282 prze—

92 1283 232 1337 pbsuit,
247 1286 313 1324 sed
330 1292 368 1336 et
385 1286 583 1323 eunuchos
600 1285 647 1322 ad
664 1285 831 1335 plurima

91 1347 130 1378 et
146 1340 342 1391 praecipua
360 1340 490 1390 palatii
505 1338 711 1376 ministeria
724 1338 832 1375 adhi-

93 1394 191 1431 buit.
231 1394 385 1444 N'iguit
402 1392 544 1444 postea,
563 1399 606 1430 ut
624 1393 727 1442 apud
746 1392 833 1430 Ori-

91 1448 199 1494 entis,
236 1447 291 1485 sic
323 1447 428 1498 apud
460 1447 635 1485 Sinarum
670 1446 832 1497 populos

88 1501 356 1539 eunuchorum
378 1501 542 1539 fortuna.
585 1501 832 1550 Imperatores

93 1554 257 1592 Romani
285 1554 375 1592 cum
406 1567 477 1606 pro
504 1554 652 1605 imperii
685 1554 833 1604 fastigio

91 1621 223 1647 omnes
255 1616 498 1646 externarum
529 1608 831 1646 dominationum

91 1661 271 1700 libidines
290 1662 327 1699 in
345 1675 384 1699 se
397 1662 754 1714 complecterentur,
771 1674 833 1699 eos

93 1728 248 1766 quoque
278 1716 383 1766 cepit
408 1715 674 1754 eunuchorum
706 1715 832 1753 furor:

93 1782 143 1808 ac
164 1770 315 1810 tandem
335 1769 436 1808 visus
452 1771 525 1807 sub
543 1769 710 1807 Claudio
729 1769 836 1806 Prin-

90 1823 183 1874 cipe
215 1823 369 1862 Posides
398 1823 612 1869 eunuchus,
653 1823 836 1860 militaria

93 1877 257 1927 insignia
290 1876 452 1927 superbe
488 1883 694 1923 ostentans,
737 1877 836 1914 inter

91 1930 401 1981 praeclarissimos
420 1930 567 1968 militiae
584 1930 702 1968 duces
721 1930 837 1980 Capi-

93 1984 235 2022 tolium
254 1984 371 2022 adire.
417 1985 478 2022 Ne
494 1984 660 2035 optimus
677 1984 832 2034 quidem

93 2037 277 2090 Princeps
290 2038 414 2084 Titus,
429 2038 492 2075 sed
509 2038 675 2076 Orientis
690 2037 836 2076 deliciis

93 2098 281 2138 assuetus,
301 2091 434 2129 abillo
447 2091 714 2138 eunuchorum
734 2104 838 2129 amo-

95 2158 137 2183 re
171 2145 371 2184 abstinuit.
428 2137 614 2183 Pessimus
648 2145 838 2183 Domitia-

96 2211 170 2237 nus
186 2211 262 2237 non
280 2200 373 2237 recti
394 2198 619 2255 honestique
638 2197 746 2244 cura,
773 2199 838 2236 sed

95 2253 275 2290 adversus
294 2254 445 2291 fratrem
459 2245 622 2299 invidis,
641 2253 838 2290 eunuchos

95 2307 264 2345 sustulit.
319 2307 410 2345 Post
436 2307 519 2356 ejus
551 2306 694 2343 caedem
728 2308 838 2343 abro-

94 2367 186 2410 gata
197 2367 289 2398 sunt
306 2361 388 2410 ejus
407 2360 570 2398 decreta.
626 2362 682 2398 At
704 2360 839 2397 melior

97 2413 240 2451 vindex
258 2413 486 2463 virtutisque
503 2413 682 2459 adsertor,
699 2414 839 2464 egregi-

95 2480 143 2505 us
169 2467 349 2518 Princeps
369 2467 499 2506 Nerva
526 2468 649 2506 vetuit
675 2480 722 2504 ne
752 2468 838 2518 quis

93 2527 180 2559 toto
225 2521 385 2571 imperio
420 2521 594 2558 Romano
637 2521 839 2559 eunuchus

96 2575 217 2612 fieret.
252 2574 344 2622 Dio,
364 2586 499 2612 van.
514 2587 555 2625 p.
572 2577 666 2622 759.
686 2587 840 2613 vant.

97 2641 138 2680 p.
157 2631 251 2673 770.
306 2629 387 2666 Lex
407 2628 521 2679 digna
539 2625 715 2678 Principe
742 2629 842 2679 sapi-

99 2681 304 2729 entissimo,
331 2688 369 2719 et
399 2681 647 2719 humanitatis
675 2682 843 2720 virtutis-

97 2748 176 2786 que
186 2735 478 2773 studiosissimo.
531 2735 668 2786 Viguit
683 2737 755 2773 sub
774 2748 844 2785 op-

99 2788 204 2826 timis
231 2788 489 2840 Principibus,
517 2789 585 2839 qui
617 2789 843 2839 auspicatis-

97 2841 200 2881 sima
223 2841 361 2880 Nervae
392 2852 564 2892 tempora
588 2848 678 2882 sunt
705 2842 842 2881 secuti.

102 2894 252 2943 Postea,
264 2895 478 2934 labentibus
490 2896 597 2934 annis
609 2903 647 2935 et
659 2896 842 2943 moribus,

99 2948 250 2987 mollita
277 2957 354 2996 est;
392 2949 661 3002 sancitumque
699 2957 743 2988 ut
779 2950 843 3001 qui

901 479 1078 517 hominem
1097 479 1267 524 invitum,
1296 478 1459 517 libidinis
1479 484 1544 517 aut
1559 493 1652 530 pro-

902 534 1030 571 mercii
1061 531 1171 570 causa
1201 533 1440 579 castraverit,
1479 538 1648 572 castran-

903 587 1032 624 dumve
1051 586 1254 632 curaverit,
1272 587 1348 624 sive
1366 586 1397 623 ἐς
1414 600 1555 632 servus,
1569 588 1647 625 sive

904 640 997 677 liber
1014 639 1065 678 sit
1083 639 1206 689 capite
1231 640 1446 691 puniretur.
1501 641 1650 678 Hones-

905 693 1033 738 tiores,
1058 692 1260 743 publicatis
1289 693 1404 736 bonis,
1431 693 1470 731 in
1489 694 1648 731 insulam

907 748 1221 797 deportarentur3
1253 755 1295 784 ut
1326 747 1450 784 videre
1468 756 1525 784 cst
1543 749 1647 797 apud

906 801 1056 839 Julium
1086 800 1267 848 Paulum,
1298 802 1465 840 Sentent.
1489 802 1648 851 Recept.

908 855 1010 892 Libr.
1030 867 1069 892 v,
1087 853 1166 891 Tit.
1187 858 1252 892 23.
1298 855 1363 892 Ad
1378 855 1494 905 legem
1513 854 1650 893 Corne-

906 909 992 946 liam
1022 910 1067 946 de
1096 907 1252 946 Sicariis
1277 914 1315 946 et
1339 908 1529 957 Veneficz's,
1561 909 1650 958 Leg.
1683 918 1699 931 Χ

911 966 973 1000 13.
1030 962 1080 999 Et
1099 962 1137 999 in
1156 961 1230 999 hac
1250 970 1465 1012 temporum
1488 961 1649 1000 mollitie

907 1017 1007 1053 visus
1024 1023 1079 1053 est
1098 1017 1169 1053 sub
1190 1016 1325 1053 Severo
1340 1016 1516 1067 Principe
1535 1014 1651 1054 Plau·

910 1070 1048 1115 Uanus,
1077 1070 1248 1120 privatus
1268 1070 1393 1115 homo,
1412 1071 1478 1107 sed
1496 1070 1595 1108 luxu
1613 1078 1651 1108 et

908 1124 1046 1184 opibus
1057 1136 1126 1173 pai
1140 1123 1394 1174 Principibus,
1408 1124 1474 1175 qui
1495 1131 1651 1163 centum

909 1177 1081 1227 ingenuis
1102 1177 1281 1215 Romanis
1312 1177 1532 1216 virilitatem
1564 1178 1654 1215 ade·

911 1232 992 1276 mit,
1022 1237 1065 1268 ut
1098 1230 1176 1268 filia
1205 1244 1275 1268 sua
1308 1231 1504 1278 Plautina,
1533 1245 1651 1282 quam

912 1284 1106 1323 Antonino
1153 1285 1364 1323 Cvuacallae
1421 1275 1652 1346 despondere

910 1340 1084 1389 parabat,
1112 1339 1275 1377 musicos
1308 1333 1479 1390 aliosque
1511 1339 1654 1377 artium

911 1393 1108 1443 magistros
1127 1393 1324 1431 eunuchos
1342 1394 1509 1431 haberet.
1560 1394 1652 1440 Dio,

913 1459 1049 1485 Lxxv.
1067 1461 1105 1497 p.
1127 1450 1204 1488 857
1210 1475 1219 1484 .
1267 1448 1427 1485 Manent
1445 1447 1574 1485 adhuc
1592 1449 1651 1485 vel

911 1501 951 1539 in
969 1500 1044 1538 hac
1063 1507 1277 1541 nostrorum
1309 1507 1524 1552 temporum
1554 1502 1653 1552 sapi-

911 1554 1014 1592 entia
1025 1561 1062 1592 et
1076 1554 1254 1604 religione
1265 1555 1348 1604 ejus
1361 1554 1451 1592 mali
1467 1555 1652 1605 reliquiae.

915 1609 973 1646 Ea
988 1609 1087 1646 enim
1107 1615 1161 1645 est
1181 1608 1362 1647 dulcibus
1380 1609 1481 1646 vitiis
1499 1616 1650 1655 natura,

915 1669 957 1700 ut
974 1675 1121 1712 semper
1137 1669 1323 1710 vetentur,
1349 1676 1497 1714 semper
1521 1663 1655 1701 retine-

913 1722 1040 1754 antur.

968 1770 1028 1807 De
1047 1770 1216 1808 moribus
1233 1774 1363 1808 autem
1380 1770 1651 1810 eunuchorum

912 1825 1013 1862 idem
1031 1831 1088 1862 est
1111 1837 1223 1875 penes
1242 1823 1414 1862 Sinenses
1441 1825 1654 1876 scriptores,

913 1879 1017 1928 quod
1048 1879 1152 1929 apud
1185 1885 1327 1916 ceteros
1349 1877 1537 1939 populos,
1548 1879 1655 1929 judi-

912 1932 1031 1970 cium.
1089 1931 1339 1970 Consentiunt
1365 1944 1494 1969 omnes
1512 1932 1558 1970 iis
1576 1932 1656 1984 ple-

912 1998 1076 2046 rumque
1094 1992 1238 2024 cuncta
1257 1998 1332 2023 esse
1351 1986 1553 2036 utriusque
1572 1999 1659 2024 sex-

914 2037 959 2077 fis
979 2039 1084 2086 vitia,
1114 2040 1258 2077 nullam
1290 2038 1510 2077 alterutrius
1538 2039 1659 2078 virtu-

914 2099 1003 2130 tem.
1060 2095 1115 2131 At
1133 2093 1223 2131 cum
1242 2105 1452 2143 numquam
1473 2098 1580 2132 tanta
1607 2093 1658 2131 sit

914 2146 1109 2185 hominum
1131 2147 1308 2198 pravitas,
1337 2152 1381 2183 ut
1411 2158 1554 2196 paucos
1584 2147 1658 2186 sal-

914 2207 990 2238 tem
1018 2200 1190 2239 honestas
1218 2213 1291 2239 non
1322 2201 1493 2246 retineat,
1522 2201 1659 2252 reperi-

916 2260 1035 2292 untur
1057 2254 1290 2305 quandoque
1307 2255 1476 2292 eunuchi
1496 2256 1564 2304 qui
1582 2255 1656 2293 vir-

916 2308 1064 2345 tutibus
1084 2308 1319 2357 praecellant.
1362 2308 1444 2346 Hos
1461 2309 1559 2347 inter
1576 2322 1658 2347 mos

916 2369 971 2398 est
995 2361 1145 2411 regibus
1164 2361 1331 2399 Orientis
1359 2361 1535 2412 deligere,
1562 2362 1659 2413 ¹quos

915 2415 988 2452 sibi
1007 2415 1164 2452 comites
1179 2416 1348 2461 assiduos
1365 2416 1492 2454 adesse
1504 2418 1660 2467 jubent.

916 2468 1029 2506 Tales
1060 2475 1148 2506 sunt
1178 2469 1284 2520 apud
1310 2469 1578 2520 imperatorem
1601 2470 1659 2509 Si-

917 2535 1068 2560 nensem
1099 2522 1166 2573 qui
1187 2523 1227 2560 Y
1225 2536 1248 2560 ιι
1274 2522 1376 2561 Kien
1405 2523 1662 2574 appellantur,

920 2576 960 2615 id
988 2582 1055 2619 est,
1084 2576 1239 2617 eunuchi
1265 2576 1285 2614 ὲ
1304 2582 1525 2628 conspectu;
1555 2577 1663 2628 quod

916 2626 946 2667 ᾖ
958 2637 1165 2681 conspectu
1182 2630 1370 2681 Principis
1383 2644 1458 2669 non
1468 2631 1663 2669 recedant.

922 2683 1034 2721 Tales
1053 2691 1195 2734 septem
1210 2683 1322 2721 fuisse
1336 2685 1440 2735 apud
1454 2687 1665 2723 Assuerum

923 2737 1164 2775 manifestum
1192 2744 1247 2775 est
1274 2750 1322 2774 ex
1346 2738 1446 2777 libro
1465 2738 1614 2782 Esther,
1636 2750 1667 2776 1.

929 2796 993 2828 11.
1049 2792 1092 2829 In
1118 2790 1332 2829 ministeriis
1349 2798 1479 2831 autem
1506 2792 1670 2842 impera-

927 2844 1018 2882 toris
1054 2845 1220 2883 Sinensis
1262 2845 1379 2896 vulgo
1421 2851 1670 2884 numerantur

924 2897 1061 2936 ‘decem
1100 2897 1222 2935 millia
1260 2898 1543 2946 eunuchorum,
1585 2905 1669 2937 tum

926 2964 1039 3002 penes
1085 2951 1365 3002 imperatorem,
1425 2959 1509 2993 tum
1558 2965 1670 3004 penes
