1768 3236
453 199 735 239 DlALOGUS
765 199 841 238 DE
870 199 1231 242 ORATORIBUS.
1532 201 1608 248 167

0 310 3 321 ⁸
66 303 352 355 mutandam.
421 303 572 353 Facile
601 302 862 368 perferebat
884 303 1012 368 prior-
1033 305 1116 353 iste
1137 306 1354 370 populus,
1377 318 1430 355 ut
1463 306 1607 371 impe.-

67 383 183 431 ritus
206 395 252 431 et
273 382 417 441 rudis,
444 382 885 446 imperitissimamm
906 383 1168 430 orationum
1191 384 1360 447 spatia:
1397 396 1535 449 atque
1555 385 1604 433 id
1666 396 1672 401 ⁷
1726 392 1729 395 '

65 458 220 526 ipsum
253 460 376 508 laudi
409 461 620 519 dabatur,
634 460 690 509 ‘si
725 461 922 508 dicendo
943 461 1046 525 quis
1079 461 1202 508 diem
1233 461 1469 510 eximeret.
1537 462 1605 510 Ita

67 536 182 587 vero
221 538 362 603 longa
404 537 735 602 principiorum
778 539 1068 603 praeparatio,
1113 550 1158 586 et
1201 539 1469 587 narrationis
1513 540 1603 587 alte

67 616 258 681 repetita
279 616 434 675 series,
457 628 502 664 et
538 617 789 664 multarum
813 617 1087 665 divisionum
1110 617 1367 676 ostentatio,
1400 629 1446 664 et
1481 618 1606 665 mille

65 691 451 760 argumentorum
472 694 660 759 gradus,
678 705 724 742 et
746 694 969 758 quidquid
993 694 1116 742 aliud
1133 694 1392 742 aridissimis
1413 695 1608 742 Herma-

67 787 197 836 gorae
221 783 267 819 et
283 771 562 836 Apollodori
579 775 590 794 ¹
617 772 742 820 libris
763 772 1040 836 praecipitur,
1066 773 1116 820 in
1138 773 1315 820 honore
1332 783 1449 820 erat:
1477 772 1607 836 quod

66 848 106 896 si
128 849 230 914 quis
252 850 470 898 odoratus
491 849 845 914 philosophiam,
866 861 1006 914 atque
1028 868 1088 898 ex
1111 849 1166 898 ea
1181 853 1198 871 ²
1229 850 1385 897 locum
1407 850 1608 914 aliquem

67 927 262 974 orationi
296 945 392 975 suae
421 924 659 986 insereret,
689 927 737 975 in
758 928 934 975 coelum
958 928 1168 977 laudibus
1190 927 1450 975 ferebatur:
1505 929 1609 976 Nec

68 1003 271 1052 mirum:
308 1015 436 1052 erant
476 1005 600 1053 enim
637 1005 740 1053 haec
772 1021 895 1053 nova
934 1017 980 1052 et
1017 1005 1278 1071 incognita:
1316 995 1378 1053 etx
1404 1005 1612 1069 ipsorum

67 1099 258 1148 quoque
280 1094 518 1131 oratorum
540 1082 798 1148 paucissimi
819 1094 1050 1148 praecepta
1078 1083 1337 1142 rhetorum,
1359 1095 1439 1131 aut
1465 1083 1612 1147 philo-

66 1161 325 1225 sophorum
369 1161 549 1225 placita,
589 1173 916 1227 cognoverant.
987 1164 1054 1210 At
1099 1161 1289 1210 hercule
1330 1161 1610 1226 pervulgatis

62 1238 160 1304 jam
183 1238 414 1298 omnibus,
448 1240 563 1287 cum
595 1239 675 1288 vix
704 1239 753 1287 in
775 1238 980 1288 cortinz‘i,³
1019 1239 1262 1304 quisquam
1295 1239 1495 1296 adsistat,
1529 1237 1610 1304 qui

68 1315 305 1364 elementis
319 1319 339 1344 ⁴
357 1317 617 1364 studiorum
640 1327 685 1365 et
714 1316 751 1364 si
772 1333 869 1364 non
901 1317 1166 1375 instructus,
1190 1327 1236 1364 at
1258 1312 1382 1363 certe
1405 1315 1610 1364 imbutus

67 1391 143 1452 sit,
165 1393 296 1440 novis
311 1404 356 1441 et
370 1393 605 1458 exquisitis
627 1394 902 1459 eloquentiae
919 1393 1155 1442 itineribus
1169 1411 1286 1458 opus
1309 1405 1394 1452 est,
1408 1410 1491 1457 per
1504 1409 1611 1457 quae

67 1480 225 1518 orator
258 1469 490 1519 fastidium
522 1471 944 1538 aurium-effugiat,
975 1471 1135 1536 utique
1158 1472 1283 1536 apud
1307 1488 1385 1520 eos
1414 1471 1610 1537 judices,

70 1625 244 1677 ad‘cap.
283 1630 346 1671 19.
391 1627 454 1664 De
489 1627 620 1665 Cassio
654 1628 804 1674 Severo,

70 1680 204 1727 orandi
223 1681 362 1726 valido,
389 1694 455 1719 seu
472 1682 634 1719 sordidae
650 1682 804 1733 originis

4 1776 6 1778 ,
69 1740 110 1771 ct
129 1734 310 1773 maleficae
327 1735 426 1781 vitae,
445 1736 593 1773 dictum
611 1745 665 1775 est
686 1749 803 1786 supra

71 1788 304 1826 Annal.1v.
327 1764 611 1827 21.’Extrcn1is
636 1791 800 1840 Augusti

3 1886 6 1887 ⁷
72 1843 308 1893 temporibus
339 1850 377 1880 et
410 1843 551 1881 'liberii
576 1844 800 1905 'principatu

71 1895 214 1937 floruit.
262 1897 434 1934 Formam
465 1898 546 1947 ejus
574 1898 710 1948 ingenii
741 1899 804 1935 dc-

72 1949 207 1988 scribit
220 1950 496 1995 Quintilianus,
507 1951 680 1989 Ῑηειίιιιι.
693 1953 802 1990 Orat.

73 2015 119 2041 x.
136 2010 170 2041 1.
190 2003 335 2049 Multa,
349 2004 382 2042 .ςί
396 2006 626 2055 cumjadzcio
639 2006 803 2056 legatur,

72 2057 176 2095 dabit
202 2057 411 2095 imitatione
427 2059 543 2109 digna
573 2057 722 2097 Cassius
741 2059 806 2097 Sc-

11 2152 17 2154 ,
71 2123 202 2149 verns.
199 2126 207 2133 ·
248 2112 323 2161 qui,
357 2112 390 2149 si
435 2112 568 2150 ceteris
603 2113 805 2152 virtutibus

73 2165 231 2203 colorem
249 2171 287 2202 et
299 2165 528 2216 gravitatem
542 2166 723 2205 orationis
740 2167 806 2204 ad-

59 2218 236 2268 jecisset,
263 2220 450 2268 ponendus
478 2220 577 2258 inter
602 2221 806 2272 ρνιτιὶριιυε

59 2271 188 2323 soret.
243 2273 346 2311 N'am
379 2279 416 2310 et
446 2273 585 2324 ingenii
607 2275 806 2323 plmimnm

74 2332 131 2363 est
149 2325 187 2363 in
205 2339 258 2372 eo,
276 2334 312 2364 ec
330 2325 533 2365 acerbitas
530 2328 625 2365 mira
643 2333 680 2365 et
697 2329 804 2365 ter-ba

71 2379 174 2417 nitas
200 2385 237 2417 et
255 2381 312 2418 vis
337 2393 499 2419 samma:
530 2381 595 2418 ced
621 2381 707 2431 plus
732 2386 809 2419 sto-

72 2433 213 2479 macho,
240 2434 350 2484 quam
374 2433 526 2472 consilio
555 2435 683 2473 dedit.-
710 2448 808 2485 proe-

74 2486 178 2524 tereti
194 2493 235 2524 αι
252 2488 372 2525 amari
389 2487 498 2537 sales,
517 2488 806 2540 itafreqaenter

74 2540 285 2578 amaritudo
303 2541 382 2592 ipsa
400 2541 560 2580 ridicula
578 2548 647 2580 est.

132 2646 145 2664 ¹
191 2647 441 2698 Hermagoroe
488 2653 526 2687 et
570 2648 807 2699 Apollodori.

77 2701 171 2739 Duo
216 2701 272 2739 illi
313 2702 476 2739 rhetores
512 2703 583 2739 sub
630 2705 807 2751 Augusto

76 2755 250 2796 floruere.
306 2754 430 2792 I'mmo
448 2755 707 2806 Apollodorus
727 2754 810 2793 Au·

76 2809 175 2858 gusti
201 2818 412 2859 praeceptor
440 2809 515 2847 fuit
533 2816 572 2847 et
598 2809 808 2847 familiaris.

76 2862 177 2900 Vide
190 2861 491 2909 Quintilianum,
507 2862 684 2901 Institut.
699 2862 825 2903 Orat.-

80 2927 148 2953 111.
172 2921 207 2953 1.
227 2922 264 2953 et
283 2916 521 2962 Strabonem,
539 2928 641 2954 xnx.
658 2929 698 2966 p.
717 2914 809 2954 625.

81 2969 319 3022 Praeceptore
336 2969 590 3023 Apollodoro,
604 2970 721 3022 coepit
736 2969 813 3008 elo-

883 1628 1038 1678 quentia
1053 1627 1092 1665 in
1110 1632 1229 1664 sectas
1243 1626 1375 1674 dividi,
1389 1631 1427 1662 ot
1443 1626 1611 1664 evanuit.

884 1682 993 1719 Adeo
1012 1682 1154 1719 infensa
1169 1681 1410 1731 infaustaque
1421 1687 1613 1718 sectarum

883 1736 1023 1774 studia.

937 1787 954 1805 ²
982 1791 1108 1840 Atque
1135 1802 1180 1828 ex
1206 1787 1262 1826 ed.
1303 1787 1429 1839 Atque
1457 1787 1616 1826 omiten-

882 1844 975 1881 dum
995 1844 1157 1881 videtur.

937 1894 952 1916 ³
983 1898 1032 1936 In
1052 1895 1212 1935 cortina.
1254 1896 1315 1933 De
1333 1895 1406 1934 hoc
1425 1896 1513 1936 loco
1530 1910 1616 1935 eru·

884 1952 986 1989 ditus
1014 1952 1094 1990 Jos.
1120 1950 1302 2001 Scaliger,
1330 1949 1546 1999 Cory‘ectan.
1575 1952 1615 1988 in

889 2005 1093 2043 Varronem
1125 2006 1169 2043 de
1200 2004 1314 2054 Ling.
1344 2003 1432 2041 Lat.
1460 2018 1496 2055 p.
1526 2009 1614 2047 127.

883 2060 974 2096 edit.
994 2072 1057 2097 an.
1082 2063 1198 2097 1581.
1228 2057 1385 2096 Cortina.
1400 2071 1442 2095 ea
1458 2065 1513 2096 est
1529 2071 1617 2109 pro-

882 2113 975 2163 prie,
1011 2114 1049 2151 in
1078 2112 1150 2163 qmi
1179 2113 1266 2149 lana
1298 2112 1456 2160 suffecta
1488 2125 1616 2150 succos

884 2167 1007 2204 ebibit.
1064 2164 1189 2204 Abeo
1210 2178 1296 2204 usus
1316 2171 1370 2202 est
1398 2165 1616 2215 metaphord

887 2221 998 2258 Corn.
1022 2221 1177 2258 Tacitus
1202 2220 1239 2256 in
1258 2219 1439 2269 Dialogo,
1458 2219 1539 2257 ciem
1559 2220 1615 2257 ait

886 2276 923 2312 in
943 2274 1089 2312 cortina
1111 2286 1319 2322 esse—qaae
1347 2272 1440 2309 enim
1469 2273 1506 2310 in
1537 2287 1617 2311 cor-

887 2327 968 2366 tina
987 2333 1086 2372 sant,
1114 2326 1271 2364 nondam
1295 2327 1445 2376 penitas
1474 2327 1618 2365 imbibe-

888 2387 976 2419 rant
1019 2394 1179 2419 succum.
1254 2379 1364 2417 Forte
1404 2380 1618 2431 simplicius

888 2434 1174 2484 intelligendum
1187 2435 1232 2471 de
1244 2434 1495 2471 assistentium
1509 2435 1619 2471 audi-

887 2497 1091 2538 torumque
1109 2486 1263 2526 corona.
1321 2487 1385 2526 Sic
1403 2488 1562 2527 Severus
1580 2489 1619 2526 iu

891 2542 1018 2589 AEtna,
1041 2556 1074 2579 v.
1096 2546 1187 2587 294.

1022 2648 1141 2679 Lo‘ngas
1154 2653 1220 2672 cum
1199 2646 1316 2679 uiugtb
1296 2653 1362 2671 ιιεςι
1356 2646 1450 2671 ‘navo
1452 2653 1504 2675 cc..

890 2689 952 2713 Car
935 2695 994 2713 rmt
989 2688 1032 2712 ἰἠ
1033 2694 1089 2719 que
1100 2687 1149 2711 irr
1150 2687 1220 2718 ioga
1232 2687 1336 2718 magni
1364 2686 1436 2710 ‹nit-t
1449 2685 1513 2710 ιιιιΙ
1515 2687 1593 2709 crahc

891 2727 1011 2760 Impar-t
1001 2727 1066 2752 ibus
1099 2733 1259 2751 numerosa
1301 2725 1398 2751 modt's
1435 2725 1517 2750 canit
1553 2726 1621 2749 ιιι-ιε

957 2773 1036 2798 regar
1027 2766 1097 2792 ntis.

943 2853 962 2876 4
991 2856 1067 2901 Qui
1081 2857 1279 2897 elementis.
1309 2855 1422 2895 FortL¹
1436 2855 1622 2907 scriptum

892 2909 999 2958 olim,
1019 2909 1121 2961 quin.
