1768 3236
507 210 654 248 LIBRI
684 209 828 248 NONI
857 209 1179 250 ANNALIUM.

76 215 116 256 J.
129 215 176 255 e.
203 217 270 252 43.
1505 239 1507 241 ,
1538 219 1613 263 391

141 324 222 366 45.
257 318 343 364 AT
369 312 590 363 'saevitmn
610 312 659 361 in
680 312 883 378 Lycios‚¹
920 313 1018 378 qui,
1053 312 1196 362 exuta
1213 313 1355 363 veteri
1372 317 1614 379 modestia,

73 391 331 455 exitialibus
351 402 471 450 inter
491 417 541 449 se
563 400 799 449 discordiis
822 401 1105 460 laborabant,
1119 414 1165 450 et
1184 403 1424 453 Romanos
1440 405 1615 471 aliquot

73 482 351 531 occiderant.
419 478 478 526 Iis
515 478 698 526 ademta
736 478 936 538 libertas,
971 496 1110 543 quam
1146 479 1258 526 olim
1282 472 1534 531 constantia
1568 497 1614 533 et

74 559 186 618 fide,
229 556 401 622 piratis²
435 555 578 603 maria
620 554 775 603 omnia
817 554 1150 615 infestantibus,
1196 569 1324 605 erant
1359 561 1610 622 promeriti.

74 635 217 702 Lycia
245 633 506 683 contributa
524 631 808 697 Pamphyliae
830 643 932 680 tum
953 643 1080 680 tanto
1103 633 1315 693 fideliori,
1351 636 1482 699 quod
1504 650 1610 687 ante

75 715 180 763 Cn..
212 710 433 777 Pompeii³
466 708 703 759 victoriam
741 707 891 758 fuerat
931 727 1041 758 cum
1073 709 1227 775 piratis
1264 711 1610 763 latrociniorum

74 805 211 841 SOCla·

141 953 224 996 46.
256 947 389 996 DUM
410 946 632 997 Claudius
654 945 742 995 hac
777 948 835 995 de
857 963 908 995 re
930 945 978 995 in
1011 946 1140 996 curia
1162 949 1485 1012 cognoscebat,
1519 950 1611 1014 Ly-

72 1023 199 1074 cium
221 1014 508 1089 quemdam‚⁴
539 1024 687 1073 civem
722 1025 1008 1084 Romanum,
1031 1024 1193 1073 Latine
1218 1025 1478 1084 adlocutus,
1501 1043 1610 1074 eum

75 1102 278 1150 Romani
299 1102 522 1150 sermonis
543 1103 710 1150 rudem
732 1119 830 1150 esse
852 1102 1114 1167 indignatus
1135 1113 1215 1161 est,
1238 1104 1435 1168 jureque
1458 1102 1610 1151 civita·
1633 1100 1635 1102 ’

70 1178 129 1227 tis
149 1179 370 1243 privavit:
406 1196 605 1244 semper,
627 1180 696 1228 uti
718 1181 926 1228 adsolent
960 1181 1235 1245 impotentes
1256 1179 1509 1243 Principes,
1543 1180 1610 1227 in-

70 1257 240 1305 decora
276 1257 396 1305 inter
433 1268 479 1305 et
523 1257 691 1306 decora
724 1258 982 1323 ambiguus.
1050 1259 1177 1305 Nam
1226 1257 1384 1316 simul,
1427 1256 1608 1321 iniquas

68 1333 304 1400 grassandi
325 1345 444 1382 artes
466 1351 652 1402 exosus,
684 1351 744 1382 ne
767 1334 1158 1383 criminationibus
1181 1334 1350 1382 civium
1375 1334 1610 1382 Romano-

10 1440 26 1465 ·‚
68 1427 176 1459 rum
192 1413 269 1477 jus
306 1412 554 1460 violaretur
575 1414 783 1461 vetabat:
807 1416 822 1441 ⁵
855 1413 992 1461 simul
1031 1412 1267 1462 levissimis
1290 1412 1349 1460 de
1371 1411 1516 1459 causis
1533 1413 1610 1477 jus

66 1487 184 1536 illud
205 1489 279 1536 vel
301 1488 397 1553 ipse
418 1489 662 1548 adimebat,
675 1490 749 1538 vel
771 1489 831 1538 ita
852 1489 1027 1556 abjecte
1050 1490 1311 1554 publicabat
1333 1494 1370 1517 ‘⁶
1385 1501 1442 1537 ut>
1458 1488 1611 1537 vitreis

70 1570 107 1595 “
123 1563 280 1614 fractis
291 1563 526 1626 venale,'’⁶
541 1567 783 1616 diceretur.
814 1571 996 1634 Majore
1011 1569 1163 1616 adhuc
1181 1565 1381 1626 licentia,
1389 1578 1434 1615 et
1448 1565 1611 1631 quovis

68 1642 217 1708 pretio
255 1644 379 1708 apud
410 1644 705 1694 Messalinam
727 1657 773 1694 et
795 1646 982 1695 libertos
1004 1647 1249 1711 prostabat.
1320 1645 1395 1693 Sic
1418 1659 1606 1703 nomen,

69 1718 243 1786 quanta
268 1737 378 1774 cum
398 1720 589 1787 imperii.
609 1723 815 1784 utilitate,
838 1722 964 1772 tanta
987 1723 1132 1772 Urbis
1167 1722 1321 1780 laude,
1354 1737 1463 1770 cum
1485 1737 1604 1785 prae-

123 1896 138 1914 ¹
155 1897 331 1938 Soevz‘tum
346 1900 385 1939 in
397 1899 546 1953 Lycios.
573 1903 663 1949 Dio,
677 1914 749 1942 Lx.
764 1917 802 1956 p.

69 1949 153 1996 676

875 1905 914 1942 in
935 1906 1036 1955 Aug.
1050 1914 1276 1942 Lxxxvnr.

930 1958 944 1979 ⁵
978 1959 1151 1996 Vetabat.
1194 1954 1377 1995 Coercuit
1388 1952 1502 1997 enim,
1515 1956 1607 1990 teste

124 2002 142 2021 ²
154 1979 314 2046 rimas.
335 2008 396 2046 De
407 2008 576 2047 Piratico
591 2010 692 2048 beno
703 2011 803 2049 dixi-

879 2013 1018 2058 Dione,
1037 2012 1114 2049 loc.
1133 2012 1201 2048 cit.
1228 2009 1440 2047 delatorum
1477 2005 1610 2056 nequi-

67 2070 155 2097 mus
172 2073 290 2112 supra
307 2062 450 2100 Annal.
467 2062 548 2100 xnss
567 2060 634 2102 62.
664 2065 709 2101 In
726 2065 799 2103 hoc
878 2067 984 2113 tiam,
996 2066 1064 2116 qui
1081 2064 1252 2102 homines
1273 2063 1320 2100 ab
1340 2061 1422 2111 ipso
1449 2060 1607 2097 donatos

68 2112 171 2151 bello
188 2115 304 2165 quam
329 2115 472 2154 strenui
499 2116 703 2168 fidelesque
721 2119 799 2156 Ro-

68 2167 192 2205 manis
209 2168 347 2207 fuerint
362 2169 488 2221 Lycii,
503 2170 620 2219 quam
637 2171 725 2208 vero
744 2172 801 2209 in-

42 2249 45 2257 1
68 2220 147 2258 fida
165 2222 396 2274 Pamphylia
413 2223 525 2261 docet
539 2224 687 2272 Strabo,
707 2237 815 2263 xw-

69 2271 424 2386 1T·³623}.e{²‹i⁶7{251e,²2'2‘
471 2330 551 2376 Qui
569 2345 674 2382 oram
689 2333 801 2371 mari-

69 2386 204 2440 tlmam
236 2381 261 2420 ὲ
285 2384 526 2433 praedonibus
551 2384 739 2433 liberavit,
764 2393 804 2425 et

66 2435 273 2484 imperium
307 2436 420 2474 maris
451 2438 597 2488 populo
626 2440 800 2477 Romano

67 2487 244 2533 restituit,
289 2490 390 2527 Plin.
429 2502 507 2530 vu.
562 2489 626 2530 26.
699 2493 801 2530 Vide

67 2550 224 2631 guoque
246 2541 444 2582 Plutarch.
472 2545 513 2581 in
536 2546 732 2598 Pompeio,
759 2560 799 2597 p.

119 2646 309 2699 ⁴Lycium
346 2650 546 2700 quemdam.
601 2653 646 2690 Id
688 2653 804 2691 tradit

71 2701 165 2749 Dio,
183 2714 255 2740 Lx.
271 2716 310 2753 p.
333 2701 426 2746 676.
481 2704 594 2743 Forte
615 2705 803 2744 Claudius

69 2755 308 2805 gloriabatur
336 2769 375 2794 se
405 2756 480 2795 hac
517 2759 557 2796 in
590 2772 630 2797 re
664 2760 804 2798 imitari

71 2810 309 2859 Augustum,
323 2811 390 2861 qui
405 2811 569 2849 traditur
581 2813 707 2864 legato
723 2826 806 2852 con-

12 2882 17 2886 ·
74 2861 196 2900 sulari
228 2877 469 2903 successorem
488 2865 641 2913 dedisse,
659 2872 704 2904 ut
718 2868 805 2905 rudi

74 2920 113 2952 et
127 2915 289 2962 indocto,
306 2919 412 2968 cujus
428 2930 538 2956 manu
565 2919 620 2957 ixi
643 2934 716 2970 pro
733 2920 804 2971 ipsi

69 2968 248 3019 scriptum
271 2971 593 3013 animadverterit.
647 2973 805 3014 Sueton.

870 2121 962 2170 jure
973 2119 1136 2157 civitatis
1148 2113 1483 2168 arguebant,quod
1491 2113 1608 2151 Clau-

877 2174 931 2211 dii
959 2185 1097 2211 nomen
1123 2184 1200 2208 non
1233 2173 1471 2219 usurparent,
1499 2172 1609 2204 testa-

877 2234 1082 2277 mentoque
1111 2225 1207 2262 nihil
1235 2225 1270 2261 ci
1296 2223 1478 2273 legarent.
1533 2220 1606 2257 Sed

877 2280 991 2318 simul
1010 2287 1048 2328 et
1064 2279 1124 2317 isti
1139 2278 1259 2329 Lycio
1276 2282 1315 2314 et
1331 2275 1419 2314 aliis
1430 2273 1608 2325 plurimis

878 2334 1026 2372 civibus
1044 2332 1224 2371 Romanis
1246 2330 1432 2368 immitem
1450 2341 1489 2365 se.
1513 2339 1610 2378 prae-

877 2389 1015 2434 stabat,
1024 2392 1062 2425 et
1075 2384 1264 2436 immerito
1273 2385 1338 2434 jus
1352 2381 1518 2421 civitatis
1529 2380 1609 2418 adi-

879 2442 1022 2487 mebat,
1051 2446 1095 2477 ut
1112 2440 1284 2478 observat
1299 2437 1442 2478 ibidem
1462 2435 1552 2472 Dio.

930 2491 949 2512 ⁶
983 2494 1132 2532 Venale.
1183 2492 1274 2538 Dio,
1297 2490 1455 2528 loc.cit.
1483 2483 1604 2529 Οὕτως

879 2549 944 2586 iaz-*o
981 2546 1144 2599 εὐχερείας
1184 2542 1385 2586 ἐπευωνίσθη,
1430 2538 1516 2579 ἕστε
1544 2541 1607 2577 καὶ

876 2602 1142 2647 amm-emebat,
1161 2599 1212 2637 ὅτι
1229 2593 1293 2636 κᾶν
1310 2594 1436 2635 bainard
1448 2610 1499 2635 τις
1511 2591 1608 2633 σκεύη

873 2651 1131 2705 ευντετςιμμένοι
1159 2649 1206 2702 ὃᾷ
1230 2667 1306 2696 τινα,
1335 2647 1477 2690 πολίτης
1492 2644 1603 2684 ἔσται.

875 2707 930 2745 Ob
960 2707 1124 2758 parandi
1144 2705 1378 2758 facilitatem
1414 2701 1503 2740 adeb
1530 2699 1604 2737 vile

861 2760 1016 2812 factum
1048 2766 1103 2798 est
1132 2762 1199 2810 jus
1217 2757 1381 2804 civitatis
1409 2757 1605 2798 Romanae,

873 2820 917 2852 ut
942 2813 1053 2865 vulgb
1075 2816 1270 2864 jactatum
1283 2811 1427 2863 fuerit,
1460 2806 1605 2846 etiamsi

874 2868 956 2918 quis
992 2868 1106 2906 alicui
1138 2880 1229 2905 vasa
1252 2864 1373 2903 vitrea
1408 2862 1603 2913 confracta
1642 2864 1645 2868 '

876 2921 1048 2969 dedisset,
1066 2921 1178 2962 civem
1200 2915 1401 2959 Romanum
1413 2915 1521 2967 fhre.
