1768 3236
654 162 973 202 GERMANIA.
1523 170 1573 203 41

114 278 195 318 21.
229 270 522 318 Suscnuzaz
551 277 648 314 tam
668 263 955 323 inimicitias:
990 280 1074 312 seu
1095 264 1252 328 patris,
1288 282 1376 315 seu*
1393 267 1579 332 propin.

50 346 148 412 qui,
181 345 326 412 quim
344 343 560 393 amicitias
580 359 766 412 necesse
787 353 887 391 est:

939 358 1026 390 nec
1047 341 1371 406 implacabiles²
1382 344 1578 398 durant.

49 424 230 472 Luitur
249 423 372 472 enim
401 422 538 470 etiam
558 419 859 469 homicidium
880 430 1010 467 certo
1032 429 1347 466 armentorum
1370 437 1421 468 ac
1445 438 1582 485 peco-

39 516 158 554 rum
188 502 419 558 numero,³
468 497 719 563 recipitque
751 495 1102 546 safisfactionem
1134 495 1347 544 universa
1377 498 1578 548 domus:

49 577 264 627 utiliter
252 594 301 626 m
341 576 611 642 publicum·
598 612 613 636 ‚
671 575 778 640 quia
815 573 1162 640 periculosiores
1194 585 1302 621 sunt
1333 568 1580 624 inimicitiae

43 656 179 721 Juxta
210 655 480 703 libertatem.
538 653 839 704 Convictibus
871 665 916 701 et
949 651 1152 716 hospitiis
1168 654 1188 680 ⁴
1219 666 1314 699 non
1346 651 1433 702 alia
1463 669 1580 718 gens

49 731 242 781 effusius
262 732 504 798 indulget.⁵

48 809 176 859 nefas
197 810 392 859 habetur
407 806 443 858 :⁶

104 970 118 989 ¹
149 970 342 1021 Suscipere
359 976 434 1009 tam
450 971 680 1010 inimicitias.
709 972 773 1010 Sic

52 1026 154 1075 apud
186 1036 325 1065 veteres
360 1025 521 1076 populos
557 1025 772 1064 consultum

50 1091 97 1116 ne
126 1078 354 1130 impunitate
383 1079 581 1128 gliscerent
612 1080 774 1129 injuriae.

53 1132 146 1170 Inde
182 1133 236 1170 illi
271 1132 410 1170 ultores
441 1133 646 1183 sanguinis,
680 1145 775 1184 quos

51 1186 178 1224 videre
221 1195 278 1224 est
309 1186 423 1224 etiam
458 1188 563 1237 apud
600 1188 773 1237 Moysen,

51 1251 158 1278 num.
188 1252 322 1278 xxxv.
352 1244 399 1284 19
424 1247 461 1277 et
480 1254 557 1290 seq.
613 1239 774 1292 Legibus

0 1294 3 1296 ’
51 1306 207 1344 quoque
223 1293 414 1331 Romanis
441 1301 640 1339 statutum,
676 1295 774 1332 Cod.

54 1347 161 1385 Libr.
175 1358 235 1385 vi.
248 1347 326 1384 Tit.
338 1360 473 1385 xxxv.
487 1348 534 1385 de
547 1349 616 1393 his,
632 1348 773 1398 quibus,

52 1406 96 1438 ut
109 1401 287 1452 indignis,
301 1400 524 1439 hereditates
537 1403 773 1454 auferuntur.

53 1454 125 1506 leg.
147 1460 182 1492 1.
239 1454 422 1498 Heredes,
436 1468 524 1505 qnos
551 1469 671 1493 necem
702 1460 774 1492 tes-

55 1508 192 1547 tatoris
202 1508 358 1546 inultam
371 1509 534 1547 omisisse
548 1509 772 1552 constiterit,

40 1562 204 1614 fructus
222 1561 389 1613 integros
407 1569 589 1614 cogantur
606 1563 772 1600 reddere.

105 1612 124 1630 ²
152 1615 236 1653 Nec
257 1615 517 1666 implacabiles.
559 1617 679 1667 Apud
698 1615 775 1653 bel-

51 1667 223 1706 latricem
247 1675 393 1719 gentem
416 1676 454 1707 et
473 1671 511 1706 in
530 1672 651 1708 caedes
674 1670 774 1707 ultro

54 1729 237 1766 ruentem,
266 1723 538 1772 sapientissime
569 1724 773 1774 provisum,

56 1784 100 1813 ut
117 1776 174 1813 ira
189 1769 391 1825 placabilis
411 1777 518 1822 foret,
550 1786 588 1815 et
605 1778 688 1828 ipsa
704 1777 772 1814 ho·

55 1829 232 1875 micidia,
259 1842 334 1867 non
367 1840 499 1877 morte,
539 1832 604 1868 sed
641 1831 774 1881 preti0,

54 1882 259 1929 lucrentur,
272 1890 427 1933 totaque
437 1884 622 1923 interfecti
640 1886 773 1922 domus

53 1937 237 1987 reciperet
251 1938 558 1976 satisfactionem.
585 1939 648 1976 Sic
671 1939 772 1975 enim

53 2003 164 2028 nemo
181 1990 355 2038 infensus,
384 2003 494 2029 nemo
513 1992 563 2029 ad
591 1992 771 2030 ultionem

54 2044 219 2082 intentus
235 2052 373 2082 manet.
418 2047 473 2083 At
488 2058 535 2083 ne
550 2054 774 2096 paupertate

55 2104 237 2135 cresceret
267 2098 569 2137 interfectoribus
597 2099 772 2146 audacia,

55 2150 199 2202 optime
231 2152 359 2190 adhuc
388 2153 606 2191 consultum
634 2152 773 2203 primo,

52 2212 96 2242 ut
112 2203 306 2243 homicida
324 2214 510 2255 quantum
533 2207 686 2244 haberet
701 2207 774 2244 sol-

51 2264 177 2304 veret3
207 2260 353 2304 deinde,
377 2267 421 2296 ut
437 2261 485 2298 de
503 2260 648 2310 reliquo
663 2260 772 2298 satis-

54 2311 177 2349 facere
203 2320 391 2351 teneretur
419 2321 499 2351 tota
526 2314 773 2352 interfectoris

55 2364 203 2404 domus.
257 2366 350 2412 Qus
375 2367 477 2404 certe
508 2380 547 2404 re
570 2368 633 2404 vix
663 2367 774 2417 quid-

0 2467 8 2470 γ
54 2431 171 2468 quam
191 2419 323 2457 utilius
339 2420 379 2457 in
397 2420 555 2470 publica
571 2421 773 2458 commoda
788 2431 791 2434 ·

53 2473 263 2522 excogitari
307 2474 447 2523 potuit,
477 2474 583 2521 cum,
628 2482 771 2524 quanto

55 2526 177 2574 major
194 2532 249 2564 est
267 2525 432 2572 libertas,
459 2536 568 2566 tanto
583 2528 773 2577 periculo-

52 2579 167 2616 siores
183 2581 257 2618 sint
274 2579 497 2618 inimicitiae.
528 2581 686 2626 >Quibus
703 2593 773 2619 au-

54 2639 129 2669 tem
144 2634 369 2679 caerimoniis
385 2634 635 2672 satisfaciendi
647 2647 772 2673 neees-

52 2685 140 2723 sitas
155 2687 214 2724 ‘in‘
232 2687 478 2725 interfectoris
495 2688 651 2725 domum
670 2695 771 2726 tran-

52 2738 141 2776 siret
163 2740 248 2777 vide
261 2740 300 2777 in
315 2750 391 2778 not.
406 2748 444 2778 et
458 2741 601 2778 emend.
615 2741 662 2778 ad
683 2755 769 2793 cap.

54 2795 120 2830 21.
165 2793 289 2831 Simul
318 2795 364 2831 de
389 2794 643 2834 satisfactione
661 2796 765 2846 apud

51 2845 287 2884 Canadenses
307 2848 468 2897 populos
487 2849 648 2886 dicetur.
678 2847 769 2894 Qua

50 2897 91 2936 in
106 2911 145 2937 re
163 2901 260 2951 ipsos
279 2901 488 2938 Germanos
505 2902 640 2940 vicere.

331 2979 450 3013 vol..
488 2979 557 3014 IV.

573 733 930 796 Quemcumque
963 729 1229 779 mortalium
1261 746 1417 787 arcere
1439 740 1579 789 tecto,

477 826 563 875 pro
595 809 784 858 fortunii
814 810 1008 875 quisque
1040 806 1262 873 apparatis
1288 806 1441 881 epulis
1456 807 1579 856 exci-

905 967 919 990 ³
950 970 1128 1008 Pecorum
1145 981 1310 1006 numera.
1355 968 1462 1005 Idem
1484 967 1579 1011 vidi-

851 1037 934 1062 mus
945 1032 982 1061 et
996 1023 1268 1061 illustravimus
1279 1032 1397 1081 supra
1407 1034 1494 1072 cap.
1514 1026 1578 1060 12.

901 1076 922 1098 ⁴
949 1077 1151 1128 Hospitiis.
1196 1072 1400 1126 Optimum
1424 1075 1576 1114 institu-

851 1140 946 1176 tum,
976 1138 1021 1170 ut
1048 1130 1073 1168 ὲ
1098 1127 1235 1168 nostris
1266 1130 1436 1167 moribus
1467 1141 1576 1168 nunc

849 1187 1029 1230 alienum,
1058 1185 1112 1222 sic
1140 1183 1329 1234 hodieque
1345 1183 1576 1221 Canadensi-

850 1242 921 1278 bus
942 1240 1109 1276 barbaris
1127 1238 1323 1275 familiare.
1380 1239 1440 1275 De
1454 1236 1573 1287 hujus

850 1293 1075 1331 discriminis
1121 1290 1240 1329 causa
1284 1291 1371 1328 vide
1412 1298 1493 1330 not.
1535 1298 1576 1329 et

849 1348 996 1386 emend.
1011 1347 1060 1384 ad
1079 1358 1167 1411 cap.
1185 1350 1250 1384 21.

902 1399 917 1422 ⁵
947 1398 1116 1450 Effusius
1132 1398 1316 1450 indulget.
1359 1398 1479 1436 Aurei
1500 1398 1577 1450 pri-

851 1455 1040 1505 maevique
1052 1453 1250 1491 homiuum
1262 1464 1395 1499 mores,
1404 1464 1574 1503 quorum

851 1508 1032 1546 memoria
1048 1507 1152 1558 apud
1182 1507 1361 1544 barbaros
1379 1519 1425 1544 ac
1452 1508 1575 1544 maxi-

851 1562 911 1600 me
929 1562 1165 1600 Canadenses
1177 1560 1305 1598 adhuc
1322 1561 1433 1611 viget.
1482 1560 1574 1599 Hac

850 1616 897 1652 de
930 1628 970 1653 re
1004 1615 1118 1666 plura
1154 1614 1268 1652 habet
1312 1615 1360 1652 P.
1407 1613 1577 1664 lafitau,

851 1669 994 1707 Moeurs
1013 1670 1075 1707 des
1091 1669 1280 1718 Sauvages
1298 1667 1574 1720 Ameriquain33

850 1723 923 1760 vol.
943 1735 991 1760 11.
1009 1737 1048 1773 p.
1068 1726 1118 1760 88
1138 1730 1176 1759 et
1193 1735 1271 1771 seq.

903 1772 921 1793 ⁶
949 1776 1074 1828 Nefas
1103 1776 1270 1814 habetur.
1326 1774 1391 1813 Sic
1414 1788 1572 1826 quoque

849 1829 978 1868 Julius
996 1831 1138 1874 Caesar,
1167 1828 1265 1866 Bell.
1293 1828 1573 1867 Gall.v1.23.

851 1883 1031 1933 Hos-pices
1049 1884 1202 1928 violare,
1229 1882 1302 1933 fas
1328 1895 1400 1920 non
1421 1888 1572 1932 putant,

850 1938 914 1987 qui
937 1936 1079 1987 quidque
1108 1937 1153 1975 de
1180 1935 1293 1974 causa
1322 1937 1372 1974 aa·
1390 1949 1450 1974 eos
1467 1948 1574 1974 vene-

849 1996 952 2036 runt,
979 1992 1025 2028 ab
1053 1988 1205 2050 injuria.
1214 1990 1437 2050 *prohib-ent,
1466 2002 1574 2028 sanc-

850 2051 977 2094 tosque
997 2044 1157 2082 habent:
1189 2043 1238 2081 iis
1263 2043 1420 2081 onmium
1445 2044 1572 2083 donus

845 2103 991 2148 patent,
1039 2098 1229 2147 victusque
1273 2096 1577 2135 communicatur.

851 2151 969 2196 Mela,
996 2163 1064 2189 ιιι.
1081 2155 1120 2190 3.
1173 2150 1248 2188 Jus
1275 2151 1315 2188 in
1342 2150 1484 2189 viribus
1511 2150 1578 2189 lta·

849 2205 946 2250 bent,
973 2206 1063 2245 adea
1094 2210 1137 2243 -ut
1159 2217 1204 2241 ne
1221 2203 1413 2242 latrocinii
1427 2203 1574 2254 quidem

843 2259 997 2308 pudeat,
1041 2258 1186 2296 tantam
1229 2257 1430 2308 hospitibus
1473 2258 1575 2305 boni,

847 2312 1023 2362 mitesque
1039 2311 1275 2362 supplicibus.
1314 2312 1358 2349 ln
1377 2310 1456 2359 lege
1477 2312 1574 2348 Bur·

848 2366 1094 2415 gundionum,
1113 2365 1190 2403 Tit.
1209 2376 1403 2403 xxxvnl.
1432 2364 1504 2414 leg.
1532 2370 1569 2403 1.

851 2418 1075 2470 Quicumque
1095 2418 1232 2469 hospiti
1251 2418 1414 2456 venienti
1432 2423 1571 2456 tectum

847 2472 1053 2523 autfocum
1068 2472 1273 2523 negaverit,
1304 2471 1419 2509 trium
1434 2471 1579 2509 solido--

848 2539 942 2571 rum,
958 2526 1075 2576 Angl.
1095 2527 1145 2564 ll.
1165 2523 1243 2564 16⁶.
1259 2524 1438 2562 inlatione
1454 2526 1569 2564 mulc-

848 2584 963 2617 tetur.
1017 2583 1072 2617 At
1095 2579 1301 2630 hospitium
1321 2578 1463 2623 virtuti,
1490 2591 1573 2616 non

845 2633 991 2679 sceleri,
1016 2633 1162 2671 datum.
1225 2632 1343 2676 Recte
1369 2631 1470 2668 enim
1501 2632 1566 2670 lex

849 2686 988 2732 Saum,
1022 2687 1099 2724 Tit.
1130 2698 1242 2724 xvn.
1261 2687 1306 2724 de
1333 2684 1566 2735 Expoliatio-

846 2741 963 2785 nibus,
989 2740 1060 2790 leg.
1094 2744 1130 2778 2.
1203 2739 1248 2776 Si
1280 2739 1361 2789 quis
1388 2739 1571 2777 homiuem<

846 2799 1026 2831 mortuum
1044 2793 1240 2846 exfodierit
1257 2798 1294 2830 et
1308 2792 1571 2842 expoliaverit,

849 2857 1565 2884 uALB..·r11VRN1anLT.ium.

845 2899 1070 2951 quifaciunt
1087 2900 1195 2939 solid.
1209 2913 1246 2939 c.
1260 2897 1473 2953 Anglgb'ol.
1487 2897 1571 2937 cul-
