<?xml version="1.0" encoding="UTF-8"?>
<!DOCTYPE html PUBLIC "-//W3C//DTD XHTML 1.0 Transitional//EN"
    "http://www.w3.org/TR/xhtml1/DTD/xhtml1-transitional.dtd">
<html xmlns="http://www.w3.org/1999/xhtml" xml:lang="en" lang="en">
 <head>
  <title>
</title>
<meta http-equiv="Content-Type" content="text/html;charset=utf-8" />
  <meta name='ocr-system' content='tesseract 3.04.00' />
  <meta name='ocr-capabilities' content='ocr_page ocr_carea ocr_par ocr_line ocrx_word'/>
</head>
<body>
  <div class='ocr_page' id='page_1' title='image "./operarecognovite04taciuoft/operarecognovite04taciuoft_0178.png"; bbox 0 0 1768 3236; ppageno 0'>
   <div class='ocr_carea' id='block_1_1' title="bbox 160 169 1201 221">
    <p class='ocr_par' dir='ltr' id='par_1_1' title="bbox 160 169 1201 221">
     <span class='ocr_line' id='line_1_1' title="bbox 160 169 1201 221; baseline -0.012 -1"><span class='ocrx_word' id='word_1_1' title='bbox 160 178 236 221; x_wconf 85' lang='grc'><strong>168</strong></span> <span class='ocrx_word' id='word_1_2' title='bbox 649 173 696 211; x_wconf 85' lang='lat' dir='ltr'><strong>C.</strong></span> <span class='ocrx_word' id='word_1_3' title='bbox 723 169 990 210; x_wconf 84' lang='lat' dir='ltr'>CORNELII</span> <span class='ocrx_word' id='word_1_4' title='bbox 1017 170 1201 209; x_wconf 78' lang='lat' dir='ltr'>TACITI</span> 
     </span>
    </p>
   </div>
   <div class='ocr_carea' id='block_1_2' title="bbox 160 274 1707 641">
    <p class='ocr_par' dir='ltr' id='par_1_2' title="bbox 160 274 1707 641">
     <span class='ocr_line' id='line_1_2' title="bbox 160 274 1705 350; baseline -0.005 -18"><span class='ocrx_word' id='word_1_5' title='bbox 160 283 243 350; x_wconf 91' lang='lat' dir='ltr'><strong>qui</strong></span> <span class='ocrx_word' id='word_1_6' title='bbox 277 279 340 340; x_wconf 89' lang='lat' dir='ltr'><strong>vi,</strong></span> <span class='ocrx_word' id='word_1_7' title='bbox 373 290 452 328; x_wconf 88' lang='lat' dir='ltr'><strong>aut</strong></span> <span class='ocrx_word' id='word_1_8' title='bbox 486 286 722 343; x_wconf 85' lang='lat' dir='ltr'>potestate,</span> <span class='ocrx_word' id='word_1_9' title='bbox 757 291 853 325; x_wconf 88' lang='lat' dir='ltr'><strong>non</strong></span> <span class='ocrx_word' id='word_1_10' title='bbox 882 275 987 342; x_wconf 89' lang='lat' dir='ltr'><strong>jure</strong></span> <span class='ocrx_word' id='word_1_11' title='bbox 1023 285 1068 323; x_wconf 93' lang='lat' dir='ltr'><strong>et</strong></span> <span class='ocrx_word' id='word_1_12' title='bbox 1104 274 1283 340; x_wconf 88' lang='lat' dir='ltr'><strong>legibus</strong></span> <span class='ocrx_word' id='word_1_13' title='bbox 1319 286 1621 340; x_wconf 82' lang='lat' dir='ltr'><strong>cognoscunt,</strong></span> <span class='ocrx_word' id='word_1_14' title='bbox 1656 289 1705 328; x_wconf 80' lang='lat' dir='ltr'><strong>et</strong></span> 
     </span>
     <span class='ocr_line' id='line_1_3' title="bbox 162 352 1706 422; baseline -0.004 -12"><span class='ocrx_word' id='word_1_15' title='bbox 162 378 250 411; x_wconf 88' lang='lat' dir='ltr'><strong>nec</strong></span> <span class='ocrx_word' id='word_1_16' title='bbox 284 357 511 422; x_wconf 86' lang='lat' dir='ltr'><strong>accipiunt</strong></span> <span class='ocrx_word' id='word_1_17' title='bbox 546 367 770 418; x_wconf 88' lang='lat' dir='ltr'><strong>tempora,</strong></span> <span class='ocrx_word' id='word_1_18' title='bbox 805 353 886 401; x_wconf 90' lang='lat' dir='ltr'><strong>sed</strong></span> <span class='ocrx_word' id='word_1_19' title='bbox 918 352 1218 411; x_wconf 87' lang='lat' dir='ltr'><strong>constituunt,</strong></span> <span class='ocrx_word' id='word_1_20' title='bbox 1251 369 1336 401; x_wconf 91' lang='lat' dir='ltr'><strong>nec</strong></span> <span class='ocrx_word' id='word_1_21' title='bbox 1367 352 1706 417; x_wconf 81' lang='lat' dir='ltr'><strong>expectandum</strong></span> 
     </span>
     <span class='ocr_line' id='line_1_4' title="bbox 164 429 1706 495; baseline -0.005 -9"><span class='ocrx_word' id='word_1_22' title='bbox 164 439 337 490; x_wconf 86' lang='lat' dir='ltr'><strong>habent</strong></span> <span class='ocrx_word' id='word_1_23' title='bbox 359 445 605 491; x_wconf 89' lang='lat' dir='ltr'><strong>oratorem,</strong></span> <span class='ocrx_word' id='word_1_24' title='bbox 641 433 754 481; x_wconf 91' lang='lat' dir='ltr'><strong>dum</strong></span> <span class='ocrx_word' id='word_1_25' title='bbox 776 429 842 479; x_wconf 91' lang='lat' dir='ltr'><strong>illi</strong></span> <span class='ocrx_word' id='word_1_26' title='bbox 865 429 1001 478; x_wconf 86' lang='lat' dir='ltr'><strong>libeat</strong></span> <span class='ocrx_word' id='word_1_27' title='bbox 1023 430 1082 479; x_wconf 91' lang='lat' dir='ltr'><strong>de</strong></span> <span class='ocrx_word' id='word_1_28' title='bbox 1103 429 1201 493; x_wconf 93' lang='lat' dir='ltr'><strong>ipso</strong></span> <span class='ocrx_word' id='word_1_29' title='bbox 1225 430 1410 495; x_wconf 86' lang='lat' dir='ltr'><strong>negotio</strong></span> <span class='ocrx_word' id='word_1_30' title='bbox 1433 430 1601 491; x_wconf 79' lang='lat' dir='ltr'><strong>dicere,</strong></span> <span class='ocrx_word' id='word_1_31' title='bbox 1624 432 1706 481; x_wconf 88' lang='lat' dir='ltr'><strong>sed</strong></span> 
     </span>
     <span class='ocr_line' id='line_1_5' title="bbox 164 506 1707 579; baseline -0.004 -16"><span class='ocrx_word' id='word_1_32' title='bbox 164 532 288 579; x_wconf 84' lang='lat' dir='ltr'><strong>saepe</strong></span> <span class='ocrx_word' id='word_1_33' title='bbox 312 513 433 565; x_wconf 83' lang='lat' dir='ltr'><strong>ultro</strong></span> <span class='ocrx_word' id='word_1_34' title='bbox 467 511 734 566; x_wconf 83' lang='lat' dir='ltr'><strong>admonent,</strong></span> <span class='ocrx_word' id='word_1_35' title='bbox 768 517 904 572; x_wconf 89' lang='lat' dir='ltr'><strong>atque</strong></span> <span class='ocrx_word' id='word_1_36' title='bbox 927 507 1017 556; x_wconf 76' lang='lat' dir='ltr'><strong>alio</strong></span> <span class='ocrx_word' id='word_1_37' title='bbox 1042 507 1450 572; x_wconf 83' lang='lat' dir='ltr'><strong>transgredientem</strong></span> <span class='ocrx_word' id='word_1_38' title='bbox 1471 506 1707 568; x_wconf 78' lang='lat' dir='ltr'><strong>revocant,</strong></span> 
     </span>
     <span class='ocr_line' id='line_1_6' title="bbox 165 590 775 641; baseline -0.01 0"><span class='ocrx_word' id='word_1_39' title='bbox 165 603 212 641; x_wconf 87' lang='lat' dir='ltr'><strong>et</strong></span> <span class='ocrx_word' id='word_1_40' title='bbox 233 590 445 641; x_wconf 80' lang='lat' dir='ltr'><strong>festinare</strong></span> <span class='ocrx_word' id='word_1_41' title='bbox 467 605 515 636; x_wconf 89' lang='lat' dir='ltr'><strong>se</strong></span> <span class='ocrx_word' id='word_1_42' title='bbox 540 595 775 638; x_wconf 84' lang='lat' dir='ltr'><strong>testantur.</strong></span> 
     </span>
    </p>
   </div>
   <div class='ocr_carea' id='block_1_3' title="bbox 100 739 1734 1972">
    <p class='ocr_par' dir='ltr' id='par_1_3' title="bbox 100 739 1734 1972">
     <span class='ocr_line' id='line_1_7' title="bbox 165 739 1708 809; baseline -0.003 -14"><span class='ocrx_word' id='word_1_43' title='bbox 165 797 170 802; x_wconf 72' lang='grc'><strong><em>,</em></strong></span> <span class='ocrx_word' id='word_1_44' title='bbox 231 749 480 809; x_wconf 78' lang='lat' dir='ltr'><strong>20.QU1s</strong></span> <span class='ocrx_word' id='word_1_45' title='bbox 510 759 634 792; x_wconf 89' lang='lat' dir='ltr'><strong>nunc</strong></span> <span class='ocrx_word' id='word_1_46' title='bbox 665 741 782 790; x_wconf 88' lang='lat' dir='ltr'><strong>feret</strong></span> <span class='ocrx_word' id='word_1_47' title='bbox 811 751 1041 789; x_wconf 86' lang='lat' dir='ltr'><strong>oratorem</strong></span> <span class='ocrx_word' id='word_1_48' title='bbox 1063 739 1122 788; x_wconf 89' lang='lat' dir='ltr'><strong>de</strong></span> <span class='ocrx_word' id='word_1_49' title='bbox 1143 740 1404 790; x_wconf 87' lang='lat' dir='ltr'><strong>infirmitate</strong></span> <span class='ocrx_word' id='word_1_50' title='bbox 1438 741 1708 792; x_wconf 83' lang='lat' dir='ltr'><strong>valetudinis</strong></span> 
     </span>
     <span class='ocr_line' id='line_1_8' title="bbox 164 806 1708 906; baseline -0.005 -31"><span class='ocrx_word' id='word_1_51' title='bbox 164 842 261 875; x_wconf 88' lang='lat' dir='ltr'><strong>suae</strong></span> <span class='ocrx_word' id='word_1_52' title='bbox 297 821 600 889; x_wconf 80' lang='lat' dir='ltr'><strong>praefantem?</strong></span> <span class='ocrx_word' id='word_1_53' title='bbox 636 820 786 885; x_wconf 86' lang='lat' dir='ltr'><strong>qualia</strong></span> <span class='ocrx_word' id='word_1_54' title='bbox 822 830 928 867; x_wconf 89' lang='lat' dir='ltr'><strong>sunt</strong></span> <span class='ocrx_word' id='word_1_55' title='bbox 949 817 1047 865; x_wconf 73' lang='lat' dir='ltr'><strong>fere</strong></span> <span class='ocrx_word' id='word_1_56' title='bbox 1071 818 1290 882; x_wconf 86' lang='lat' dir='ltr'><strong>principia</strong></span> <span class='ocrx_word' id='word_1_57' title='bbox 1309 806 1518 867; x_wconf 69' lang='lat' dir='ltr'><strong>Corvini.</strong></span> <span class='ocrx_word' id='word_1_58' title='bbox 1589 818 1708 906; x_wconf 54' lang='lat' dir='ltr'><strong>Quis</strong></span> 
     </span>
     <span class='ocr_line' id='line_1_9' title="bbox 140 895 1708 968; baseline -0.003 -17"><span class='ocrx_word' id='word_1_59' title='bbox 140 934 143 941; x_wconf 48' lang='grc' dir='ltr'>ι</span> <span class='ocrx_word' id='word_1_60' title='bbox 163 902 368 968; x_wconf 87' lang='lat' dir='ltr'><strong>quinque</strong></span> <span class='ocrx_word' id='word_1_61' title='bbox 389 901 438 948; x_wconf 89' lang='lat' dir='ltr'><strong>in</strong></span> <span class='ocrx_word' id='word_1_62' title='bbox 461 902 657 962; x_wconf 85' lang='lat' dir='ltr'><strong>Verrem</strong></span> <span class='ocrx_word' id='word_1_63' title='bbox 680 898 849 945; x_wconf 84' lang='lat' dir='ltr'><strong>libros¹</strong></span> <span class='ocrx_word' id='word_1_64' title='bbox 873 896 1162 960; x_wconf 84' lang='lat' dir='ltr'><strong>expectabit?</strong></span> <span class='ocrx_word' id='word_1_65' title='bbox 1216 896 1334 959; x_wconf 74' lang='lat' dir='ltr'><strong>Quis</strong></span> <span class='ocrx_word' id='word_1_66' title='bbox 1356 897 1414 944; x_wconf 89' lang='lat' dir='ltr'><strong>de</strong></span> <span class='ocrx_word' id='word_1_67' title='bbox 1437 895 1708 960; x_wconf 83' lang='lat' dir='ltr'><strong>exceptione</strong></span> 
     </span>
     <span class='ocr_line' id='line_1_10' title="bbox 100 959 1705 1041; baseline -0.004 -13"><span class='ocrx_word' id='word_1_68' title='bbox 100 1034 102 1037; x_wconf 17' lang='lat' dir='ltr'><strong>f</strong></span> <span class='ocrx_word' id='word_1_69' title='bbox 159 991 207 1029; x_wconf 88' lang='lat' dir='ltr'><strong>et</strong></span> <span class='ocrx_word' id='word_1_70' title='bbox 228 977 432 1028; x_wconf 69' lang='lat' dir='ltr'><strong>formula</strong></span> <span class='ocrx_word' id='word_1_71' title='bbox 448 981 463 999; x_wconf 85' lang='lat'><em>²</em></span> <span class='ocrx_word' id='word_1_72' title='bbox 485 959 763 1041; x_wconf 87' lang='lat' dir='ltr'><strong>perpetietur</strong></span> <span class='ocrx_word' id='word_1_73' title='bbox 785 974 862 1041; x_wconf 76' lang='lat' dir='ltr'><strong>illa</strong></span> <span class='ocrx_word' id='word_1_74' title='bbox 883 973 1105 1021; x_wconf 87' lang='lat' dir='ltr'><strong>immensa</strong></span> <span class='ocrx_word' id='word_1_75' title='bbox 1126 973 1377 1032; x_wconf 85' lang='lat' dir='ltr'><strong>volumina,</strong></span> <span class='ocrx_word' id='word_1_76' title='bbox 1395 991 1500 1038; x_wconf 82' lang='lat' dir='ltr'><strong>quae</strong></span> <span class='ocrx_word' id='word_1_77' title='bbox 1522 990 1608 1038; x_wconf 90' lang='lat' dir='ltr'><strong>pro</strong></span> <span class='ocrx_word' id='word_1_78' title='bbox 1631 975 1705 1023; x_wconf 89' lang='lat' dir='ltr'><strong>M.</strong></span> 
     </span>
     <span class='ocr_line' id='line_1_11' title="bbox 162 1051 1707 1117; baseline -0.002 -13"><span class='ocrx_word' id='word_1_79' title='bbox 162 1056 354 1115; x_wconf 64' lang='grc' dir='ltr'><strong>ΤιιΠίο,3</strong></span> <span class='ocrx_word' id='word_1_80' title='bbox 389 1066 467 1103; x_wconf 90' lang='lat' dir='ltr'><strong>aut</strong></span> <span class='ocrx_word' id='word_1_81' title='bbox 490 1057 552 1102; x_wconf 90' lang='lat' dir='ltr'><strong>A.</strong></span> <span class='ocrx_word' id='word_1_82' title='bbox 579 1052 768 1112; x_wconf 67' lang='lat' dir='ltr'><strong>Caecina</strong></span> <span class='ocrx_word' id='word_1_83' title='bbox 791 1051 1020 1117; x_wconf 87' lang='lat' dir='ltr'><strong>legimus?</strong></span> <span class='ocrx_word' id='word_1_84' title='bbox 1087 1051 1334 1100; x_wconf 79' lang='lat' dir='ltr'><strong>Praecurrit</strong></span> <span class='ocrx_word' id='word_1_85' title='bbox 1372 1051 1461 1099; x_wconf 94' lang='lat' dir='ltr'><strong>hoc</strong></span> <span class='ocrx_word' id='word_1_86' title='bbox 1497 1061 1707 1115; x_wconf 84' lang='lat' dir='ltr'><strong>tempore</strong></span> 
     </span>
     <span class='ocr_line' id='line_1_12' title="bbox 155 1126 1708 1200; baseline -0.004 -18"><span class='ocrx_word' id='word_1_87' title='bbox 155 1134 304 1200; x_wconf 83' lang='lat' dir='ltr'><strong>judex</strong></span> <span class='ocrx_word' id='word_1_88' title='bbox 328 1133 573 1192; x_wconf 86' lang='lat' dir='ltr'><strong>dicentem,</strong></span> <span class='ocrx_word' id='word_1_89' title='bbox 607 1143 652 1179; x_wconf 91' lang='lat' dir='ltr'><strong>et</strong></span> <span class='ocrx_word' id='word_1_90' title='bbox 682 1130 767 1178; x_wconf 90' lang='lat' dir='ltr'><strong>nisi</strong></span> <span class='ocrx_word' id='word_1_91' title='bbox 789 1141 866 1177; x_wconf 86' lang='lat' dir='ltr'><strong>aut</strong></span> <span class='ocrx_word' id='word_1_92' title='bbox 889 1147 1028 1177; x_wconf 90' lang='lat' dir='ltr'><strong>cursu</strong></span> <span class='ocrx_word' id='word_1_93' title='bbox 1051 1140 1449 1193; x_wconf 86' lang='lat' dir='ltr'><strong>argumentorum,</strong></span> <span class='ocrx_word' id='word_1_94' title='bbox 1482 1139 1561 1176; x_wconf 88' lang='lat' dir='ltr'><strong>aut</strong></span> <span class='ocrx_word' id='word_1_95' title='bbox 1583 1126 1708 1177; x_wconf 58' lang='lat' dir='ltr'><strong>colo-&#39;</strong></span> 
     </span>
     <span class='ocr_line' id='line_1_13' title="bbox 160 1205 1708 1270; baseline -0.003 -10"><span class='ocrx_word' id='word_1_96' title='bbox 160 1220 213 1260; x_wconf 72' lang='lat' dir='ltr'><strong>‘re</strong></span> <span class='ocrx_word' id='word_1_97' title='bbox 249 1210 592 1267; x_wconf 86' lang='lat' dir='ltr'><strong>sententiarum,</strong></span> <span class='ocrx_word' id='word_1_98' title='bbox 627 1219 704 1255; x_wconf 88' lang='lat' dir='ltr'><strong>aut</strong></span> <span class='ocrx_word' id='word_1_99' title='bbox 726 1208 873 1254; x_wconf 85' lang='lat' dir='ltr'><strong>nitore</strong></span> <span class='ocrx_word' id='word_1_100' title='bbox 898 1218 942 1254; x_wconf 89' lang='lat' dir='ltr'><strong>et</strong></span> <span class='ocrx_word' id='word_1_101' title='bbox 965 1206 1093 1254; x_wconf 86' lang='lat' dir='ltr'><strong>cultu</strong></span> <span class='ocrx_word' id='word_1_102' title='bbox 1117 1206 1474 1270; x_wconf 85' lang='lat' dir='ltr'><strong>descriptionum</strong></span> <span class='ocrx_word' id='word_1_103' title='bbox 1495 1205 1708 1269; x_wconf 80' lang='lat' dir='ltr'><strong>invitatus</strong></span> 
     </span>
     <span class='ocr_line' id='line_1_14' title="bbox 161 1284 1707 1351; baseline -0.003 -16"><span class='ocrx_word' id='word_1_104' title='bbox 161 1299 208 1336; x_wconf 90' lang='lat' dir='ltr'><strong>et</strong></span> <span class='ocrx_word' id='word_1_105' title='bbox 257 1298 503 1351; x_wconf 90' lang='lat' dir='ltr'><strong>corruptus</strong></span> <span class='ocrx_word' id='word_1_106' title='bbox 547 1297 632 1345; x_wconf 87' lang='lat' dir='ltr'><strong>est,</strong></span> <span class='ocrx_word' id='word_1_107' title='bbox 688 1296 921 1334; x_wconf 84' lang='lat' dir='ltr'><strong>aversatur</strong></span> <span class='ocrx_word' id='word_1_108' title='bbox 965 1284 1209 1334; x_wconf 89' lang='lat' dir='ltr'><strong>dicentem.</strong></span> <span class='ocrx_word' id='word_1_109' title='bbox 1292 1284 1475 1348; x_wconf 88' lang='lat' dir='ltr'><strong>Vulgus</strong></span> <span class='ocrx_word' id='word_1_110' title='bbox 1519 1296 1707 1347; x_wconf 85' lang='lat' dir='ltr'><strong>quoque</strong></span> 
     </span>
     <span class='ocr_line' id='line_1_15' title="bbox 162 1354 1706 1427; baseline -0.003 -13"><span class='ocrx_word' id='word_1_111' title='bbox 162 1365 494 1422; x_wconf 83' lang='lat' dir='ltr'><strong>adsistentium,</strong></span> <span class='ocrx_word' id='word_1_112' title='bbox 541 1374 586 1411; x_wconf 89' lang='lat' dir='ltr'><strong>et</strong></span> <span class='ocrx_word' id='word_1_113' title='bbox 622 1362 827 1412; x_wconf 87' lang='lat' dir='ltr'><strong>adfluens</strong></span> <span class='ocrx_word' id='word_1_114' title='bbox 873 1373 918 1410; x_wconf 91' lang='lat' dir='ltr'><strong>et</strong></span> <span class='ocrx_word' id='word_1_115' title='bbox 956 1379 1100 1427; x_wconf 87' lang='lat' dir='ltr'><strong>vagus</strong></span> <span class='ocrx_word' id='word_1_116' title='bbox 1139 1361 1336 1420; x_wconf 88' lang='lat' dir='ltr'><strong>auditor,</strong></span> <span class='ocrx_word' id='word_1_117' title='bbox 1371 1361 1575 1409; x_wconf 86' lang='lat' dir='ltr'><strong>adsuevit</strong></span> <span class='ocrx_word' id='word_1_118' title='bbox 1608 1354 1706 1427; x_wconf 84' lang='lat' dir='ltr'><strong>jam</strong></span> 
     </span>
     <span class='ocr_line' id='line_1_16' title="bbox 160 1437 1707 1508; baseline -0.002 -18"><span class='ocrx_word' id='word_1_119' title='bbox 160 1443 348 1508; x_wconf 85' lang='lat' dir='ltr'><strong>exigere</strong></span> <span class='ocrx_word' id='word_1_120' title='bbox 389 1441 608 1500; x_wconf 79' lang='lat' dir='ltr'><strong>laetitiam,</strong></span> <span class='ocrx_word' id='word_1_121' title='bbox 644 1454 688 1489; x_wconf 89' lang='lat' dir='ltr'><strong>et</strong></span> <span class='ocrx_word' id='word_1_122' title='bbox 722 1439 1111 1504; x_wconf 87' lang='lat' dir='ltr'><strong>pulchritudinem</strong></span> <span class='ocrx_word' id='word_1_123' title='bbox 1157 1439 1400 1502; x_wconf 86' lang='lat' dir='ltr'><strong>orationis;</strong></span> <span class='ocrx_word' id='word_1_124' title='bbox 1437 1455 1523 1486; x_wconf 89' lang='lat' dir='ltr'><strong>nec</strong></span> <span class='ocrx_word' id='word_1_125' title='bbox 1562 1437 1707 1503; x_wconf 78' lang='lat' dir='ltr'><strong>magis</strong></span> 
     </span>
     <span class='ocr_line' id='line_1_17' title="bbox 157 1514 1708 1584; baseline -0.004 -16"><span class='ocrx_word' id='word_1_126' title='bbox 157 1519 367 1584; x_wconf 87' lang='lat' dir='ltr'><strong>perfert</strong></span> <span class='ocrx_word' id='word_1_127' title='bbox 354 1537 402 1566; x_wconf 92' lang='lat' dir='ltr'><strong>1n</strong></span> <span class='ocrx_word' id='word_1_128' title='bbox 422 1519 603 1584; x_wconf 89' lang='lat' dir='ltr'><strong>judiciis</strong></span> <span class='ocrx_word' id='word_1_129' title='bbox 625 1519 801 1566; x_wconf 90' lang='lat' dir='ltr'><strong>tristem</strong></span> <span class='ocrx_word' id='word_1_130' title='bbox 824 1529 869 1565; x_wconf 89' lang='lat' dir='ltr'><strong>et</strong></span> <span class='ocrx_word' id='word_1_131' title='bbox 885 1517 1118 1581; x_wconf 87' lang='lat' dir='ltr'><strong>impexam</strong></span> <span class='ocrx_word' id='word_1_132' title='bbox 1140 1516 1469 1581; x_wconf 88' lang='lat' dir='ltr'><strong>antiquitatem,</strong></span> <span class='ocrx_word' id='word_1_133' title='bbox 1503 1532 1647 1579; x_wconf 90' lang='lat' dir='ltr'><strong>quam</strong></span> <span class='ocrx_word' id='word_1_134' title='bbox 1657 1514 1708 1564; x_wconf 85' lang='lat' dir='ltr'><strong>si</strong></span> 
     </span>
     <span class='ocr_line' id='line_1_18' title="bbox 157 1593 1704 1669; baseline -0.002 -23"><span class='ocrx_word' id='word_1_135' title='bbox 157 1597 261 1661; x_wconf 89' lang='lat' dir='ltr'><strong>quis</strong></span> <span class='ocrx_word' id='word_1_136' title='bbox 295 1597 343 1644; x_wconf 90' lang='lat' dir='ltr'><strong>in</strong></span> <span class='ocrx_word' id='word_1_137' title='bbox 379 1613 553 1661; x_wconf 88' lang='lat' dir='ltr'><strong>scena,</strong></span> <span class='ocrx_word' id='word_1_138' title='bbox 573 1595 767 1655; x_wconf 82' lang='lat' dir='ltr'><strong>Roscii,4</strong></span> <span class='ocrx_word' id='word_1_139' title='bbox 799 1606 878 1642; x_wconf 88' lang='lat' dir='ltr'><strong>aut</strong></span> <span class='ocrx_word' id='word_1_140' title='bbox 899 1594 1148 1658; x_wconf 88' lang='lat' dir='ltr'><strong>Turpionis</strong></span> <span class='ocrx_word' id='word_1_141' title='bbox 1170 1593 1404 1642; x_wconf 88' lang='lat' dir='ltr'><strong>Ambivii⁵</strong></span> <span class='ocrx_word' id='word_1_142' title='bbox 1444 1593 1704 1669; x_wconf 84' lang='lat' dir='ltr'><strong>exprimere</strong></span> 
     </span>
     <span class='ocr_line' id='line_1_19' title="bbox 156 1667 1705 1739; baseline -0.001 -18"><span class='ocrx_word' id='word_1_143' title='bbox 156 1685 313 1739; x_wconf 86' lang='lat' dir='ltr'><strong>gestus</strong></span> <span class='ocrx_word' id='word_1_144' title='bbox 343 1674 477 1721; x_wconf 89' lang='lat' dir='ltr'><strong>-velit.</strong></span> <span class='ocrx_word' id='word_1_145' title='bbox 548 1675 649 1722; x_wconf 88' lang='lat' dir='ltr'><strong>Jam</strong></span> <span class='ocrx_word' id='word_1_146' title='bbox 685 1673 798 1721; x_wconf 75' lang='lat' dir='ltr'><strong>vero</strong></span> <span class='ocrx_word' id='word_1_147' title='bbox 831 1675 1041 1738; x_wconf 89' lang='lat' dir='ltr'><strong>juvenes,</strong></span> <span class='ocrx_word' id='word_1_148' title='bbox 1094 1683 1139 1720; x_wconf 91' lang='lat' dir='ltr'><strong>et</strong></span> <span class='ocrx_word' id='word_1_149' title='bbox 1181 1671 1229 1718; x_wconf 92' lang='lat' dir='ltr'><strong>in</strong></span> <span class='ocrx_word' id='word_1_150' title='bbox 1273 1667 1403 1736; x_wconf 87' lang='lat' dir='ltr'><strong>ipsa⁶</strong></span> <span class='ocrx_word' id='word_1_151' title='bbox 1446 1670 1705 1719; x_wconf 86' lang='lat' dir='ltr'><strong>studiorum</strong></span> 
     </span>
     <span class='ocr_line' id='line_1_20' title="bbox 156 1749 1705 1815; baseline -0.003 -16"><span class='ocrx_word' id='word_1_152' title='bbox 156 1751 324 1800; x_wconf 85' lang='lat' dir='ltr'><strong>incude</strong></span> <span class='ocrx_word' id='word_1_153' title='bbox 361 1751 510 1815; x_wconf 89' lang='lat' dir='ltr'><strong>positi,</strong></span> <span class='ocrx_word' id='word_1_154' title='bbox 546 1750 626 1815; x_wconf 89' lang='lat' dir='ltr'><strong>qui</strong></span> <span class='ocrx_word' id='word_1_155' title='bbox 661 1749 900 1815; x_wconf 88' lang='lat' dir='ltr'><strong>profectus</strong></span> <span class='ocrx_word' id='word_1_156' title='bbox 936 1749 1004 1797; x_wconf 87' lang='lat' dir='ltr'><strong>sui</strong></span> <span class='ocrx_word' id='word_1_157' title='bbox 1043 1766 1179 1798; x_wconf 88' lang='lat' dir='ltr'><strong>causa</strong></span> <span class='ocrx_word' id='word_1_158' title='bbox 1215 1759 1419 1796; x_wconf 90' lang='lat' dir='ltr'><strong>oratores</strong></span> <span class='ocrx_word' id='word_1_159' title='bbox 1456 1758 1705 1807; x_wconf 85' lang='lat' dir='ltr'><strong>sectantur,</strong></span> 
     </span>
     <span class='ocr_line' id='line_1_21' title="bbox 155 1823 1704 1889; baseline -0.003 -13"><span class='ocrx_word' id='word_1_160' title='bbox 155 1845 252 1876; x_wconf 89' lang='lat' dir='ltr'><strong>non</strong></span> <span class='ocrx_word' id='word_1_161' title='bbox 274 1829 433 1876; x_wconf 90' lang='lat' dir='ltr'><strong>solum</strong></span> <span class='ocrx_word' id='word_1_162' title='bbox 454 1823 630 1886; x_wconf 87' lang='lat' dir='ltr'><strong>audire,</strong></span> <span class='ocrx_word' id='word_1_163' title='bbox 654 1829 734 1875; x_wconf 91' lang='lat' dir='ltr'><strong>sed</strong></span> <span class='ocrx_word' id='word_1_164' title='bbox 759 1827 893 1875; x_wconf 90' lang='lat' dir='ltr'><strong>etiam</strong></span> <span class='ocrx_word' id='word_1_165' title='bbox 917 1824 1091 1874; x_wconf 89' lang='lat' dir='ltr'><strong>referre</strong></span> <span class='ocrx_word' id='word_1_166' title='bbox 1114 1826 1309 1872; x_wconf 90' lang='lat' dir='ltr'><strong>domum</strong></span> <span class='ocrx_word' id='word_1_167' title='bbox 1331 1825 1504 1889; x_wconf 91' lang='lat' dir='ltr'><strong>aliquid</strong></span> <span class='ocrx_word' id='word_1_168' title='bbox 1526 1825 1704 1872; x_wconf 86' lang='lat' dir='ltr'><strong>illustre</strong></span> 
     </span>
     <span class='ocr_line' id='line_1_22' title="bbox 155 1902 1734 1972; baseline 0 -19"><span class='ocrx_word' id='word_1_169' title='bbox 155 1916 201 1953; x_wconf 90' lang='lat' dir='ltr'><strong>et</strong></span> <span class='ocrx_word' id='word_1_170' title='bbox 224 1906 418 1972; x_wconf 88' lang='lat' dir='ltr'><strong>dignum</strong></span> <span class='ocrx_word' id='word_1_171' title='bbox 442 1904 665 1955; x_wconf 88' lang='lat' dir='ltr'><strong>memoria</strong></span> <span class='ocrx_word' id='word_1_172' title='bbox 688 1905 864 1956; x_wconf 86' lang='lat' dir='ltr'><strong>volunt.</strong></span> <span class='ocrx_word' id='word_1_173' title='bbox 933 1903 1269 1971; x_wconf 88' lang='lat' dir='ltr'><strong>Traduntque</strong></span> <span class='ocrx_word' id='word_1_174' title='bbox 1256 1902 1471 1962; x_wconf 79' lang='lat' dir='ltr'><strong>invicem,</strong></span> <span class='ocrx_word' id='word_1_175' title='bbox 1504 1918 1556 1951; x_wconf 91' lang='lat' dir='ltr'><strong>ac</strong></span> <span class='ocrx_word' id='word_1_176' title='bbox 1581 1918 1704 1967; x_wconf 87' lang='lat' dir='ltr'><strong>saepe</strong></span> <span class='ocrx_word' id='word_1_177' title='bbox 1730 1906 1734 1911; x_wconf 84' lang='lat'><em>&#39;</em></span> 
     </span>
    </p>
   </div>
   <div class='ocr_carea' id='block_1_4' title="bbox 967 2069 1709 2175">
    <p class='ocr_par' dir='ltr' id='par_1_4' title="bbox 967 2069 1709 2175">
     <span class='ocr_line' id='line_1_23' title="bbox 968 2069 1709 2118; baseline -0.003 -7"><span class='ocrx_word' id='word_1_178' title='bbox 968 2075 1034 2111; x_wconf 87' lang='lat' dir='ltr'><strong>dat</strong></span> <span class='ocrx_word' id='word_1_179' title='bbox 1064 2073 1300 2118; x_wconf 83' lang='lat' dir='ltr'><strong>Macrobius,</strong></span> <span class='ocrx_word' id='word_1_180' title='bbox 1326 2071 1373 2108; x_wconf 84' lang='lat' dir='ltr'><strong>de</strong></span> <span class='ocrx_word' id='word_1_181' title='bbox 1398 2070 1530 2108; x_wconf 82' lang='lat' dir='ltr'><strong>Differ.</strong></span> <span class='ocrx_word' id='word_1_182' title='bbox 1554 2074 1591 2109; x_wconf 86' lang='lat' dir='ltr'><strong>et</strong></span> <span class='ocrx_word' id='word_1_183' title='bbox 1618 2069 1709 2110; x_wconf 88' lang='lat' dir='ltr'><strong>Soc</strong></span> 
     </span>
     <span class='ocr_line' id='line_1_24' title="bbox 967 2123 1706 2175; baseline -0.007 -9"><span class='ocrx_word' id='word_1_184' title='bbox 967 2127 1094 2166; x_wconf 79' lang='lat' dir='ltr'><strong>(raeci</strong></span> <span class='ocrx_word' id='word_1_185' title='bbox 1135 2126 1338 2175; x_wconf 83' lang='lat' dir='ltr'><strong>Latinique</strong></span> <span class='ocrx_word' id='word_1_186' title='bbox 1374 2124 1490 2170; x_wconf 80' lang='lat' dir='ltr'><strong>verbi,</strong></span> <span class='ocrx_word' id='word_1_187' title='bbox 1536 2136 1622 2174; x_wconf 83' lang='lat' dir='ltr'><strong>cap.</strong></span> <span class='ocrx_word' id='word_1_188' title='bbox 1657 2123 1706 2162; x_wconf 83' lang='lat' dir='ltr'><strong>de</strong></span> 
     </span>
    </p>
   </div>
   <div class='ocr_carea' id='block_1_5' title="bbox 156 2072 898 2178">
    <p class='ocr_par' dir='ltr' id='par_1_5' title="bbox 156 2072 898 2178">
     <span class='ocr_line' id='line_1_25' title="bbox 212 2072 898 2113; baseline 0.003 -2"><span class='ocrx_word' id='word_1_189' title='bbox 212 2072 225 2090; x_wconf 91' lang='lat'><em>¹</em></span> <span class='ocrx_word' id='word_1_190' title='bbox 245 2074 297 2112; x_wconf 79' lang='lat' dir='ltr'><strong>In</strong></span> <span class='ocrx_word' id='word_1_191' title='bbox 319 2073 471 2113; x_wconf 84' lang='lat' dir='ltr'><strong>Verrem</strong></span> <span class='ocrx_word' id='word_1_192' title='bbox 490 2074 617 2112; x_wconf 74' lang='lat' dir='ltr'><strong>libros.</strong></span> <span class='ocrx_word' id='word_1_193' title='bbox 660 2074 694 2111; x_wconf 84' lang='lat' dir='ltr'>A</span> <span class='ocrx_word' id='word_1_194' title='bbox 714 2075 898 2113; x_wconf 78' lang='lat' dir='ltr'><strong>Cicerone</strong></span> 
     </span>
     <span class='ocr_line' id='line_1_26' title="bbox 156 2127 636 2178; baseline 0.002 -15"><span class='ocrx_word' id='word_1_195' title='bbox 156 2127 328 2178; x_wconf 84' lang='lat' dir='ltr'><strong>scriptos,</strong></span> <span class='ocrx_word' id='word_1_196' title='bbox 356 2136 394 2165; x_wconf 80' lang='lat' dir='ltr'><strong>et</strong></span> <span class='ocrx_word' id='word_1_197' title='bbox 412 2127 636 2165; x_wconf 81' lang='lat' dir='ltr'><strong>notissimos.</strong></span> 
     </span>
    </p>
   </div>
   <div class='ocr_carea' id='block_1_6' title="bbox 147 2178 899 2988">
    <p class='ocr_par' dir='ltr' id='par_1_6' title="bbox 147 2178 899 2863">
     <span class='ocr_line' id='line_1_27' title="bbox 211 2178 899 2232; baseline 0 -13"><span class='ocrx_word' id='word_1_198' title='bbox 211 2178 228 2196; x_wconf 83' lang='lat'><em>²</em></span> <span class='ocrx_word' id='word_1_199' title='bbox 240 2182 302 2219; x_wconf 79' lang='lat' dir='ltr'><strong>De</strong></span> <span class='ocrx_word' id='word_1_200' title='bbox 314 2182 522 2232; x_wconf 72' lang='lat' dir='ltr'><strong>exceptione</strong></span> <span class='ocrx_word' id='word_1_201' title='bbox 533 2180 755 2232; x_wconf 68' lang='lat' dir='ltr'><strong>etformuld.</strong></span> <span class='ocrx_word' id='word_1_202' title='bbox 781 2182 899 2220; x_wconf 85' lang='lat' dir='ltr'><strong>Erant</strong></span> 
     </span>
     <span class='ocr_line' id='line_1_28' title="bbox 156 2235 895 2286; baseline -0.001 -13"><span class='ocrx_word' id='word_1_203' title='bbox 156 2235 323 2273; x_wconf 82' lang='lat' dir='ltr'><strong>actiones</strong></span> <span class='ocrx_word' id='word_1_204' title='bbox 352 2236 396 2273; x_wconf 88' lang='lat' dir='ltr'><strong>de</strong></span> <span class='ocrx_word' id='word_1_205' title='bbox 424 2238 660 2286; x_wconf 73' lang='lat' dir='ltr'><strong>exceptione,</strong></span> <span class='ocrx_word' id='word_1_206' title='bbox 683 2248 817 2286; x_wconf 80' lang='lat' dir='ltr'><strong>nempe</strong></span> <span class='ocrx_word' id='word_1_207' title='bbox 847 2236 895 2272; x_wconf 90' lang='lat' dir='ltr'><strong>ob</strong></span> 
     </span>
     <span class='ocr_line' id='line_1_29' title="bbox 152 2289 899 2339; baseline 0.001 -14"><span class='ocrx_word' id='word_1_208' title='bbox 152 2290 408 2339; x_wconf 78' lang='lat' dir='ltr'><strong>exceptione‚s</strong></span> <span class='ocrx_word' id='word_1_209' title='bbox 436 2303 500 2326; x_wconf 87' lang='lat' dir='ltr'><strong>seu</strong></span> <span class='ocrx_word' id='word_1_210' title='bbox 537 2289 786 2335; x_wconf 72' lang='lat' dir='ltr'><strong>exclusimus,</strong></span> <span class='ocrx_word' id='word_1_211' title='bbox 814 2302 899 2339; x_wconf 73' lang='lat' dir='ltr'><strong>quae</strong></span> 
     </span>
     <span class='ocr_line' id='line_1_30' title="bbox 154 2343 899 2396; baseline 0 -17"><span class='ocrx_word' id='word_1_212' title='bbox 154 2344 456 2396; x_wconf 83' lang='lat' dir='ltr'><strong>opponebantur,</strong></span> <span class='ocrx_word' id='word_1_213' title='bbox 487 2343 546 2380; x_wconf 89' lang='lat' dir='ltr'><strong>vel</strong></span> <span class='ocrx_word' id='word_1_214' title='bbox 576 2343 752 2381; x_wconf 66' lang='lat' dir='ltr'><strong>adxcrstus</strong></span> <span class='ocrx_word' id='word_1_215' title='bbox 778 2355 899 2393; x_wconf 84' lang='lat' dir='ltr'><strong>perso-</strong></span> 
     </span>
     <span class='ocr_line' id='line_1_31' title="bbox 153 2397 896 2447; baseline 0.003 -15"><span class='ocrx_word' id='word_1_216' title='bbox 153 2407 235 2443; x_wconf 87' lang='lat' dir='ltr'><strong>nas,</strong></span> <span class='ocrx_word' id='word_1_217' title='bbox 265 2397 324 2434; x_wconf 79' lang='lat' dir='ltr'><strong>vel</strong></span> <span class='ocrx_word' id='word_1_218' title='bbox 343 2397 519 2434; x_wconf 59' lang='lat' dir='ltr'><strong>adv-cisiis</strong></span> <span class='ocrx_word' id='word_1_219' title='bbox 537 2410 592 2434; x_wconf 79' lang='lat' dir='ltr'><strong>rcs</strong></span> <span class='ocrx_word' id='word_1_220' title='bbox 611 2397 810 2447; x_wconf 82' lang='lat' dir='ltr'><strong>ipsas,ch</strong></span> <span class='ocrx_word' id='word_1_221' title='bbox 831 2397 896 2435; x_wconf 84' lang='lat' dir='ltr'><strong>ad-</strong></span> 
     </span>
     <span class='ocr_line' id='line_1_32' title="bbox 152 2447 897 2500; baseline 0.003 -15"><span class='ocrx_word' id='word_1_222' title='bbox 152 2447 282 2487; x_wconf 65' lang='lat' dir='ltr'><strong>versus</strong></span> <span class='ocrx_word' id='word_1_223' title='bbox 312 2451 491 2494; x_wconf 85' lang='lat' dir='ltr'><strong>actiones,</strong></span> <span class='ocrx_word' id='word_1_224' title='bbox 521 2450 579 2487; x_wconf 85' lang='lat' dir='ltr'><strong>vel</strong></span> <span class='ocrx_word' id='word_1_225' title='bbox 609 2450 785 2488; x_wconf 63' lang='lat' dir='ltr'><strong>adversius</strong></span> <span class='ocrx_word' id='word_1_226' title='bbox 817 2451 897 2500; x_wconf 85' lang='lat' dir='ltr'><strong>ipsa</strong></span> 
     </span>
     <span class='ocr_line' id='line_1_33' title="bbox 147 2503 897 2553; baseline 0.003 -14"><span class='ocrx_word' id='word_1_227' title='bbox 147 2503 314 2552; x_wconf 85' lang='lat' dir='ltr'><strong>judicia.</strong></span> <span class='ocrx_word' id='word_1_228' title='bbox 370 2504 470 2541; x_wconf 82' lang='lat' dir='ltr'><strong>Vide</strong></span> <span class='ocrx_word' id='word_1_229' title='bbox 496 2504 640 2553; x_wconf 75' lang='lat' dir='ltr'><strong>Digest.</strong></span> <span class='ocrx_word' id='word_1_230' title='bbox 667 2505 752 2541; x_wconf 87' lang='lat' dir='ltr'><strong>Lib.</strong></span> <span class='ocrx_word' id='word_1_231' title='bbox 778 2516 897 2542; x_wconf 74' lang='lat' dir='ltr'><strong>xmv.</strong></span> 
     </span>
     <span class='ocr_line' id='line_1_34' title="bbox 153 2555 899 2608; baseline 0 -15"><span class='ocrx_word' id='word_1_232' title='bbox 153 2555 232 2595; x_wconf 87' lang='lat' dir='ltr'><strong>Tit.</strong></span> <span class='ocrx_word' id='word_1_233' title='bbox 247 2563 289 2595; x_wconf 47' lang='lat'><strong>«1.</strong></span> <span class='ocrx_word' id='word_1_234' title='bbox 307 2558 352 2594; x_wconf 88' lang='lat' dir='ltr'><strong>de</strong></span> <span class='ocrx_word' id='word_1_235' title='bbox 372 2557 686 2607; x_wconf 80' lang='lat' dir='ltr'><strong>Exceptionibus,</strong></span> <span class='ocrx_word' id='word_1_236' title='bbox 702 2557 899 2608; x_wconf 79' lang='lat' dir='ltr'><strong>praeserip-</strong></span> 
     </span>
     <span class='ocr_line' id='line_1_35' title="bbox 151 2610 899 2660; baseline 0.001 -13"><span class='ocrx_word' id='word_1_237' title='bbox 151 2610 334 2656; x_wconf 70' lang='lat' dir='ltr'><strong>tionibus,</strong></span> <span class='ocrx_word' id='word_1_238' title='bbox 363 2618 400 2648; x_wconf 88' lang='lat' dir='ltr'><strong>et</strong></span> <span class='ocrx_word' id='word_1_239' title='bbox 418 2611 662 2660; x_wconf 68' lang='lat' dir='ltr'><strong>praejudiciis‘.</strong></span> <span class='ocrx_word' id='word_1_240' title='bbox 719 2611 899 2649; x_wconf 80' lang='lat' dir='ltr'><strong>Formula</strong></span> 
     </span>
     <span class='ocr_line' id='line_1_36' title="bbox 150 2663 898 2713; baseline 0 -12"><span class='ocrx_word' id='word_1_241' title='bbox 150 2664 242 2701; x_wconf 74' lang='lat' dir='ltr'><strong>vero</strong></span> <span class='ocrx_word' id='word_1_242' title='bbox 256 2665 470 2710; x_wconf 77' lang='lat' dir='ltr'><strong>dicebatur,</strong></span> <span class='ocrx_word' id='word_1_243' title='bbox 489 2664 592 2713; x_wconf 69' lang='lat' dir='ltr'><strong>quoti</strong></span> <span class='ocrx_word' id='word_1_244' title='bbox 611 2665 648 2700; x_wconf 84' lang='lat' dir='ltr'><strong>in</strong></span> <span class='ocrx_word' id='word_1_245' title='bbox 668 2663 898 2701; x_wconf 65' lang='lat' dir='ltr'><strong>instituenda</strong></span> 
     </span>
     <span class='ocr_line' id='line_1_37' title="bbox 148 2718 899 2767; baseline -0.001 -12"><span class='ocrx_word' id='word_1_246' title='bbox 148 2718 299 2755; x_wconf 78' lang='lat' dir='ltr'><strong>actione</strong></span> <span class='ocrx_word' id='word_1_247' title='bbox 328 2718 438 2755; x_wconf 82' lang='lat' dir='ltr'><strong>certis</strong></span> <span class='ocrx_word' id='word_1_248' title='bbox 463 2730 507 2755; x_wconf 90' lang='lat' dir='ltr'><strong>ac</strong></span> <span class='ocrx_word' id='word_1_249' title='bbox 534 2718 760 2767; x_wconf 78' lang='lat' dir='ltr'><strong>praescriptis</strong></span> <span class='ocrx_word' id='word_1_250' title='bbox 781 2719 899 2755; x_wconf 77' lang='lat' dir='ltr'><strong>vei-bis</strong></span> 
     </span>
     <span class='ocr_line' id='line_1_38' title="bbox 150 2772 893 2821; baseline 0.001 -14"><span class='ocrx_word' id='word_1_251' title='bbox 150 2778 246 2808; x_wconf 71' lang='lat' dir='ltr'><strong>esset</strong></span> <span class='ocrx_word' id='word_1_252' title='bbox 280 2772 479 2809; x_wconf 84' lang='lat' dir='ltr'><strong>utendum.</strong></span> <span class='ocrx_word' id='word_1_253' title='bbox 535 2772 635 2808; x_wconf 82' lang='lat' dir='ltr'><strong>Vide</strong></span> <span class='ocrx_word' id='word_1_254' title='bbox 672 2772 893 2821; x_wconf 81' lang='lat' dir='ltr'><strong>Cujacium,</strong></span> 
     </span>
     <span class='ocr_line' id='line_1_39' title="bbox 151 2826 577 2863; baseline 0 -1"><span class='ocrx_word' id='word_1_255' title='bbox 151 2826 337 2863; x_wconf 81' lang='lat' dir='ltr'><strong>observat.</strong></span> <span class='ocrx_word' id='word_1_256' title='bbox 358 2837 492 2862; x_wconf 76' lang='lat' dir='ltr'><strong>xxiii.</strong></span> <span class='ocrx_word' id='word_1_257' title='bbox 512 2828 577 2862; x_wconf 78' lang='lat'><strong>21.</strong></span> 
     </span>
    </p>

    <p class='ocr_par' dir='ltr' id='par_1_7' title="bbox 152 2874 893 2988">
     <span class='ocr_line' id='line_1_40' title="bbox 205 2874 893 2916; baseline -0.001 0"><span class='ocrx_word' id='word_1_258' title='bbox 205 2874 221 2898; x_wconf 80' lang='lat'>³</span> <span class='ocrx_word' id='word_1_259' title='bbox 249 2879 329 2916; x_wconf 83' lang='lat' dir='ltr'><strong>Pro</strong></span> <span class='ocrx_word' id='word_1_260' title='bbox 347 2878 409 2916; x_wconf 85' lang='lat' dir='ltr'><strong>M.</strong></span> <span class='ocrx_word' id='word_1_261' title='bbox 432 2878 569 2916; x_wconf 74' lang='lat' dir='ltr'><strong>Tullio.</strong></span> <span class='ocrx_word' id='word_1_262' title='bbox 625 2877 743 2915; x_wconf 76' lang='lat' dir='ltr'><strong>Periit</strong></span> <span class='ocrx_word' id='word_1_263' title='bbox 769 2878 893 2916; x_wconf 84' lang='lat' dir='ltr'><strong>oratio</strong></span> 
     </span>
     <span class='ocr_line' id='line_1_41' title="bbox 152 2931 892 2988; baseline -0.003 -16"><span class='ocrx_word' id='word_1_264' title='bbox 152 2931 345 2975; x_wconf 77' lang='lat' dir='ltr'><strong>Ciceronis</strong></span> <span class='ocrx_word' id='word_1_265' title='bbox 364 2945 431 2988; x_wconf 82' lang='lat' dir='ltr'><strong>pro</strong></span> <span class='ocrx_word' id='word_1_266' title='bbox 452 2933 510 2971; x_wconf 87' lang='lat' dir='ltr'><strong>M.</strong></span> <span class='ocrx_word' id='word_1_267' title='bbox 525 2931 678 2975; x_wconf 82' lang='lat' dir='ltr'><strong>Tullio.</strong></span> <span class='ocrx_word' id='word_1_268' title='bbox 707 2943 790 2970; x_wconf 84' lang='lat' dir='ltr'><strong>eam</strong></span> <span class='ocrx_word' id='word_1_269' title='bbox 809 2931 892 2971; x_wconf 84' lang='lat' dir='ltr'><strong>lau-</strong></span> 
     </span>
    </p>
   </div>
   <div class='ocr_carea' id='block_1_7' title="bbox 964 2177 1708 2982">
    <p class='ocr_par' dir='ltr' id='par_1_8' title="bbox 965 2177 1708 2339">
     <span class='ocr_line' id='line_1_42' title="bbox 965 2177 1708 2231; baseline -0.007 -12"><span class='ocrx_word' id='word_1_270' title='bbox 965 2182 1151 2231; x_wconf 88' lang='lat' dir='ltr'><strong>Tcmpore</strong></span> <span class='ocrx_word' id='word_1_271' title='bbox 1168 2179 1348 2230; x_wconf 78' lang='lat' dir='ltr'><strong>perfecto,</strong></span> <span class='ocrx_word' id='word_1_272' title='bbox 1395 2178 1471 2215; x_wconf 77' lang='lat' dir='ltr'><strong>Sed</strong></span> <span class='ocrx_word' id='word_1_273' title='bbox 1489 2177 1619 2216; x_wconf 79' lang='lat' dir='ltr'><strong>Cicero</strong></span> <span class='ocrx_word' id='word_1_274' title='bbox 1634 2190 1708 2228; x_wconf 78' lang='lat' dir='ltr'><strong>pro</strong></span> 
     </span>
     <span class='ocr_line' id='line_1_43' title="bbox 971 2230 1707 2285; baseline -0.004 -12"><span class='ocrx_word' id='word_1_275' title='bbox 971 2235 1095 2273; x_wconf 74' lang='lat' dir='ltr'><strong>Tullio</strong></span> <span class='ocrx_word' id='word_1_276' title='bbox 1114 2233 1323 2285; x_wconf 79' lang='lat' dir='ltr'><strong>explicavit</strong></span> <span class='ocrx_word' id='word_1_277' title='bbox 1340 2232 1408 2270; x_wconf 83' lang='lat' dir='ltr'><strong>ait.</strong></span> <span class='ocrx_word' id='word_1_278' title='bbox 1439 2232 1559 2268; x_wconf 83' lang='lat' dir='ltr'><strong>Extat</strong></span> <span class='ocrx_word' id='word_1_279' title='bbox 1575 2230 1707 2278; x_wconf 75' lang='lat' dir='ltr'><strong>adhuc</strong></span> 
     </span>
     <span class='ocr_line' id='line_1_44' title="bbox 967 2285 1431 2339; baseline -0.009 -12"><span class='ocrx_word' id='word_1_280' title='bbox 967 2303 1020 2328; x_wconf 90' lang='lat' dir='ltr'><strong>or</strong></span> <span class='ocrx_word' id='word_1_281' title='bbox 1022 2299 1089 2326; x_wconf 73' lang='lat' dir='ltr'><strong>itio</strong></span> <span class='ocrx_word' id='word_1_282' title='bbox 1106 2301 1175 2339; x_wconf 87' lang='lat' dir='ltr'><strong>pro</strong></span> <span class='ocrx_word' id='word_1_283' title='bbox 1194 2289 1243 2324; x_wconf 83' lang='lat' dir='ltr'><strong>A.</strong></span> <span class='ocrx_word' id='word_1_284' title='bbox 1262 2285 1431 2324; x_wconf 82' lang='lat' dir='ltr'><strong>Caecina.</strong></span> 
     </span>
    </p>

    <p class='ocr_par' dir='ltr' id='par_1_9' title="bbox 964 2338 1708 2709">
     <span class='ocr_line' id='line_1_45' title="bbox 1020 2338 1706 2391; baseline -0.004 -11"><span class='ocrx_word' id='word_1_285' title='bbox 1020 2340 1039 2362; x_wconf 80' lang='lat'>4</span> <span class='ocrx_word' id='word_1_286' title='bbox 1066 2341 1208 2380; x_wconf 77' lang='lat' dir='ltr'><strong>Roscii.</strong></span> <span class='ocrx_word' id='word_1_287' title='bbox 1263 2340 1436 2384; x_wconf 77' lang='lat' dir='ltr'><strong>Roscius,</strong></span> <span class='ocrx_word' id='word_1_288' title='bbox 1453 2338 1600 2384; x_wconf 86' lang='lat' dir='ltr'><strong>histrio,</strong></span> <span class='ocrx_word' id='word_1_289' title='bbox 1621 2339 1646 2377; x_wconf 92' lang='lat' dir='ltr'>S</span> <span class='ocrx_word' id='word_1_290' title='bbox 1647 2339 1706 2391; x_wconf 79' lang='lat' dir='ltr'><strong>y-l</strong></span> 
     </span>
     <span class='ocr_line' id='line_1_46' title="bbox 966 2352 1706 2443; baseline -0.004 -9"><span class='ocrx_word' id='word_1_291' title='bbox 966 2397 1014 2434; x_wconf 86' lang='lat' dir='ltr'><strong>lae</strong></span> <span class='ocrx_word' id='word_1_292' title='bbox 1051 2407 1096 2432; x_wconf 89' lang='lat' dir='ltr'><strong>ac</strong></span> <span class='ocrx_word' id='word_1_293' title='bbox 1128 2394 1321 2432; x_wconf 80' lang='lat' dir='ltr'><strong>Ciceronis</strong></span> <span class='ocrx_word' id='word_1_294' title='bbox 1352 2392 1473 2443; x_wconf 79' lang='lat' dir='ltr'><strong>gratia</strong></span> <span class='ocrx_word' id='word_1_295' title='bbox 1508 2352 1706 2431; x_wconf 78' lang='lat' dir='ltr'><strong>celeberri-</strong></span> 
     </span>
     <span class='ocr_line' id='line_1_47' title="bbox 968 2446 1706 2498; baseline -0.004 -11"><span class='ocrx_word' id='word_1_296' title='bbox 968 2463 1070 2487; x_wconf 91' lang='lat' dir='ltr'><strong>mus:</strong></span> <span class='ocrx_word' id='word_1_297' title='bbox 1114 2448 1209 2485; x_wconf 87' lang='lat' dir='ltr'><strong>adeo</strong></span> <span class='ocrx_word' id='word_1_298' title='bbox 1245 2455 1427 2498; x_wconf 76' lang='lat' dir='ltr'><strong>acceptus</strong></span> <span class='ocrx_word' id='word_1_299' title='bbox 1460 2447 1531 2484; x_wconf 88' lang='lat' dir='ltr'><strong>fuit</strong></span> <span class='ocrx_word' id='word_1_300' title='bbox 1559 2446 1706 2497; x_wconf 87' lang='lat' dir='ltr'><strong>populo</strong></span> 
     </span>
     <span class='ocr_line' id='line_1_48' title="bbox 969 2500 1708 2547; baseline 0 -7"><span class='ocrx_word' id='word_1_301' title='bbox 969 2504 1153 2547; x_wconf 79' lang='lat' dir='ltr'><strong>Romano,</strong></span> <span class='ocrx_word' id='word_1_302' title='bbox 1180 2508 1221 2539; x_wconf 81' lang='lat' dir='ltr'><strong>ut</strong></span> <span class='ocrx_word' id='word_1_303' title='bbox 1245 2501 1441 2539; x_wconf 85' lang='lat' dir='ltr'><strong>mercedem</strong></span> <span class='ocrx_word' id='word_1_304' title='bbox 1464 2500 1634 2539; x_wconf 75' lang='lat' dir='ltr'><strong>diurnam</strong></span> <span class='ocrx_word' id='word_1_305' title='bbox 1661 2501 1708 2540; x_wconf 79' lang='lat' dir='ltr'><strong>de</strong></span> 
     </span>
     <span class='ocr_line' id='line_1_49' title="bbox 964 2552 1705 2607; baseline -0.001 -13"><span class='ocrx_word' id='word_1_306' title='bbox 964 2557 1110 2607; x_wconf 76' lang='lat' dir='ltr'><strong>publico</strong></span> <span class='ocrx_word' id='word_1_307' title='bbox 1121 2556 1221 2593; x_wconf 80' lang='lat' dir='ltr'><strong>mille</strong></span> <span class='ocrx_word' id='word_1_308' title='bbox 1231 2554 1538 2605; x_wconf 77' lang='lat' dir='ltr'><strong>‹leuarios‚Angl.</strong></span> <span class='ocrx_word' id='word_1_309' title='bbox 1549 2554 1631 2591; x_wconf 71' lang='lat'><strong>332.</strong></span> <span class='ocrx_word' id='word_1_310' title='bbox 1647 2552 1705 2593; x_wconf 69' lang='lat'><strong>6⁸.</strong></span> 
     </span>
     <span class='ocr_line' id='line_1_50' title="bbox 970 2607 1706 2660; baseline 0 -13"><span class='ocrx_word' id='word_1_311' title='bbox 970 2611 1032 2648; x_wconf 75' lang='lat' dir='ltr'><strong>sd.</strong></span> <span class='ocrx_word' id='word_1_312' title='bbox 1052 2610 1130 2649; x_wconf 81' lang='lat' dir='ltr'><strong>sine</strong></span> <span class='ocrx_word' id='word_1_313' title='bbox 1146 2607 1362 2660; x_wconf 76' lang='lat' dir='ltr'><strong>gregalibus</strong></span> <span class='ocrx_word' id='word_1_314' title='bbox 1387 2608 1486 2646; x_wconf 78' lang='lat' dir='ltr'><strong>solus</strong></span> <span class='ocrx_word' id='word_1_315' title='bbox 1509 2609 1706 2659; x_wconf 76' lang='lat' dir='ltr'><strong>acceperit,</strong></span> 
     </span>
     <span class='ocr_line' id='line_1_51' title="bbox 970 2661 1569 2709; baseline -0.005 -8"><span class='ocrx_word' id='word_1_316' title='bbox 970 2664 1206 2709; x_wconf 78' lang='lat' dir='ltr'><strong>Macrobius,</strong></span> <span class='ocrx_word' id='word_1_317' title='bbox 1235 2661 1426 2703; x_wconf 83' lang='lat' dir='ltr'><strong>Saturnal.</strong></span> <span class='ocrx_word' id='word_1_318' title='bbox 1446 2673 1512 2698; x_wconf 90' lang='lat'><strong>111.</strong></span> <span class='ocrx_word' id='word_1_319' title='bbox 1532 2665 1569 2706; x_wconf 83' lang='lat'><strong>7.</strong></span> 
     </span>
    </p>

    <p class='ocr_par' dir='ltr' id='par_1_10' title="bbox 965 2712 1705 2926">
     <span class='ocr_line' id='line_1_52' title="bbox 1019 2712 1705 2766; baseline -0.004 -11"><span class='ocrx_word' id='word_1_320' title='bbox 1019 2716 1033 2737; x_wconf 83' lang='lat'><strong>⁵</strong></span> <span class='ocrx_word' id='word_1_321' title='bbox 1083 2715 1283 2766; x_wconf 77' lang='lat' dir='ltr'><strong>Turpionis</strong></span> <span class='ocrx_word' id='word_1_322' title='bbox 1333 2715 1508 2757; x_wconf 69' lang='lat' dir='ltr'><strong>Ambivii.</strong></span> <span class='ocrx_word' id='word_1_323' title='bbox 1581 2712 1705 2764; x_wconf 84' lang='lat' dir='ltr'><strong>Cujus</strong></span> 
     </span>
     <span class='ocr_line' id='line_1_53' title="bbox 967 2769 1705 2815; baseline -0.003 -8"><span class='ocrx_word' id='word_1_324' title='bbox 967 2771 1168 2808; x_wconf 80' lang='lat' dir='ltr'><strong>meminere</strong></span> <span class='ocrx_word' id='word_1_325' title='bbox 1211 2770 1348 2807; x_wconf 81' lang='lat' dir='ltr'><strong>Cicero</strong></span> <span class='ocrx_word' id='word_1_326' title='bbox 1398 2769 1444 2805; x_wconf 81' lang='lat' dir='ltr'><strong>de</strong></span> <span class='ocrx_word' id='word_1_327' title='bbox 1489 2769 1705 2815; x_wconf 79' lang='lat' dir='ltr'><strong>Senectute,</strong></span> 
     </span>
     <span class='ocr_line' id='line_1_54' title="bbox 966 2821 1702 2875; baseline -0.003 -13"><span class='ocrx_word' id='word_1_328' title='bbox 966 2838 1052 2875; x_wconf 85' lang='lat' dir='ltr'><strong>cap.</strong></span> <span class='ocrx_word' id='word_1_329' title='bbox 1092 2829 1154 2862; x_wconf 72' lang='lat'><strong>14.</strong></span> <span class='ocrx_word' id='word_1_330' title='bbox 1190 2831 1227 2860; x_wconf 85' lang='lat' dir='ltr'><strong>ct</strong></span> <span class='ocrx_word' id='word_1_331' title='bbox 1258 2822 1523 2873; x_wconf 84' lang='lat' dir='ltr'><strong>SymmachuS,</strong></span> <span class='ocrx_word' id='word_1_332' title='bbox 1561 2833 1591 2859; x_wconf 89' lang='lat'><strong>1.</strong></span> <span class='ocrx_word' id='word_1_333' title='bbox 1626 2821 1702 2873; x_wconf 83' lang='lat' dir='ltr'><strong>Ep.</strong></span> 
     </span>
     <span class='ocr_line' id='line_1_55' title="bbox 965 2877 1298 2926; baseline -0.006 -10"><span class='ocrx_word' id='word_1_334' title='bbox 965 2882 1030 2916; x_wconf 87' lang='lat'><strong>25.</strong></span> <span class='ocrx_word' id='word_1_335' title='bbox 1051 2883 1088 2914; x_wconf 86' lang='lat' dir='ltr'><strong>et</strong></span> <span class='ocrx_word' id='word_1_336' title='bbox 1107 2891 1149 2914; x_wconf 78' lang='lat' dir='ltr'><strong>x.</strong></span> <span class='ocrx_word' id='word_1_337' title='bbox 1170 2877 1241 2926; x_wconf 88' lang='lat' dir='ltr'><strong>Ep.</strong></span> <span class='ocrx_word' id='word_1_338' title='bbox 1261 2880 1298 2914; x_wconf 73' lang='lat' dir='ltr'><strong>Q,</strong></span> 
     </span>
    </p>

    <p class='ocr_par' dir='ltr' id='par_1_11' title="bbox 1017 2927 1704 2982">
     <span class='ocr_line' id='line_1_56' title="bbox 1017 2927 1704 2982; baseline -0.006 -12"><span class='ocrx_word' id='word_1_339' title='bbox 1017 2927 1035 2949; x_wconf 88' lang='lat'><strong>⁶</strong></span> <span class='ocrx_word' id='word_1_340' title='bbox 1051 2928 1247 2982; x_wconf 76' lang='lat' dir='ltr'><strong>Etinipsd.</strong></span> <span class='ocrx_word' id='word_1_341' title='bbox 1276 2927 1704 2972; x_wconf 74' lang='lat' dir='ltr'><strong>Etforteomittendum..</strong></span> 
     </span>
    </p>
   </div>
  </div>
 </body>
</html>
