1768 3236
192 203 270 245 ,ῃ
688 192 734 231 e.
764 191 1027 233 comneni
1057 187 1239 232 mem

184 299 291 365 quia
325 315 420 347 non
449 314 532 362 per
553 296 704 361 ipsum
738 294 875 353 stetit,
911 295 1162 360 quominus
1202 296 1401 346 laetitiam
1437 297 1728 366 nitoremque

181 388 450 426 nostrorum
472 386 734 438 temporum
751 372 1052 436 exprimeret:
1079 374 1343 434 viderimus,
1361 375 1584 441 inquam,'
1603 378 1723 444 judi-
1745 394 1749 413 ¹

176 456 258 514 aio
282 456 379 521 ejus
399 452 466 502 vis
488 462 566 500 aut
586 449 743 510 animi,
777 460 855 497 aut
877 449 1045 515 ingenii
1069 450 1312 500 suffecerit.

252 618 332 658 22.
369 603 451 656 An
479 607 751 656 Ciceronem
787 605 940 663 veniO,
974 606 1048 652 cui
1084 607 1244 654 eadem
1267 623 1422 672 pugna
1444 625 1552 656 cum
1575 625 1725 674 aequa-

183 689 304 737 libus
338 686 429 734 suis
460 684 563 742 fuit,
597 702 702 748 quae
727 682 838 730 mihi
861 681 1098 730 vobiscum
1129 694 1210 731 est.
1280 684 1349 731 Illi
1372 685 1495 733 enim
1517 685 1728 750 antiquos

184 765 485 820 mirabantur,
519 762 614 825 ipse
645 776 836 808 suorum
868 771 1130 822 temporum
1155 761 1463 825 eloquentiam
1484 774 1728 827 antepone}-

181 844 289 891 bat:
326 857 411 888 nec
448 838 544 886 ulla
565 854 616 886 re
641 837 783 902 magis
823 838 1029 901 §iisdem
1059 838 1202 886 aetatis
1231 850 1435 888 oratores
1467 840 1727 904 praecurrit,

180 919 328 984 quam
346 917 532 983 judicio,
602 914 784 963 Primus
807 914 930 962 enim
948 915 1149 962 excoluit
1172 916 1444 975 orationem,
1477 916 1729 981 primuset

183 995 335 1044 verbis
370 995 603 1042 delectum
647 992 870 1050 adhibuit,
922 1005 965 1040 et
1011 993 1328 1056 compositioni
1372 1005 1547 1042 artem:
1597 995 1727 1049 locos

187 1090 377 1138 quoque
402 1070 597 1119 laetiores
621 1070 870 1128 attentavit,
903 1081 947 1116 et
972 1072 1191 1134 quasdam
1223 1071 1465 1120 sententias
1481 1075 1497 1093 ²
1519 1071 1693 1131 invenit
1706 1091 1724 1131 ;

187 1151 346 1215 utique
376 1149 421 1197 in
457 1148 526 1196 his
565 1147 862 1204 orationibuS,
894 1164 1006 1210 quas
1042 1147 1192 1196 senior
1225 1149 1320 1212 jam
1344 1159 1390 1196 et
1420 1150 1554 1213 juxta
1584 1149 1726 1207 finem

186 1228 294 1276 vitae
328 1225 604 1290 composuit,
628 1226 673 1272 id
698 1236 781 1283 est,
806 1225 1052 1288 postquam
1075 1225 1219 1290 magis
1242 1224 1518 1289 profecerat,
1547 1243 1727 1290 usuque

184 1316 233 1353 et
256 1303 579 1369 experimentis
602 1302 838 1360 didicerat,
869 1303 996 1366 quod
1020 1302 1248 1366 optimum
1271 1303 1452 1371 dicendi
1474 1314 1726 1368 genusest.

185 1385 313 1432 Nam
347 1381 522 1448 priores
562 1382 658 1444 ejus
695 1379 921 1427 orationes
954 1396 1050 1434 non
1085 1391 1242 1427 carent
1275 1379 1391 1428 vitiis
1424 1379 1726 1444 antiquitatis:

188 1461 340 1507 lentus
361 1459 493 1506 estin
515 1456 762 1521 principiis,
781 1457 949 1521 longus
971 1456 1018 1503 in
1041 1456 1392 1515 narrationibus,
1415 1456 1588 1507 otiosus
1608 1457 1730 1517 circa

185 1554 420 1594 excessus,
456 1535 583 1582 tarde
610 1545 947 1592 commovetur,
983 1534 1090 1581 raro
1122 1533 1380 1581 incalescit:
1417 1533 1549 1598 pauci
1570 1537 1732 1583 sensu's

187 1613 297 1677 apte
322 1624 366 1661 et
390 1629 496 1660 cum
521 1612 724 1675 quodam
756 1611 930 1658 lumine
954 1610 1258 1658 terminantur
1278 1628 1290 1658 :
1327 1610 1441 1658 nihil
1465 1627 1735 1676 excerpere,

187 1691 303 1740 nihil
327 1689 500 1738 referre
531 1689 706 1754 possis:
744 1699 789 1735 et
821 1688 949 1735 velut
984 1688 1030 1735 in
1063 1688 1169 1735 rudi
1202 1688 1415 1748 aedificio,
1437 1689 1601 1735 firmus
1623 1687 1732 1752 sant}

192 1767 341 1835 paries
375 1778 420 1815 et
454 1769 719 1824 duraturus,
754 1766 835 1814 sed
869 1783 965 1814 non
1001 1765 1105 1814 satis
1129 1766 1359 1831 expolitus
1393 1776 1439 1813 et
1471 1756 1730 1830 splendens.

192 1846 298 1910 Ego
322 1844 477 1893 autem
500 1856 748 1902 oratorem,
771 1844 887 1892 sicut
910 1845 1189 1908 locupletem
1211 1861 1263 1892 ac
1287 1843 1524 1891 laudatum
1552 1853 1732 1907 patrem

189 1921 391 1981 familiae,
428 1938 524 1970 non
559 1939 614 1969 eo
645 1922 831 1970 tannim
864 1923 971 1969 volo
995 1934 1116 1970 tecto
1140 1921 1251 1988 tegi,
1286 1921 1413 1985 quod
1447 1920 1646 1968 imbrem
1677 1934 1732 1970 ac

188 2010 381 2046 ventum
414 2011 580 2058 arceat,
616 2000 696 2047 sed
729 1999 868 2047 etiam
902 2001 1028 2064 quod
1059 2000 1209 2048 visum
1240 2010 1286 2047 et
1321 1998 1482 2046 oculos
1505 1996 1730 2046 delecteti

174 2093 282 2124 non
305 2076 360 2124 ea
397 2077 554 2125 solum
590 2077 751 2125 instrui
795 2078 1093 2142 supellectile,
1131 2094 1236 2142 quae
1274 2073 1535 2123 necessariis
1569 2070 1729 2123 usibu's

185 2154 396 2213 sufficiat,
419 2155 501 2202 sed
532 2154 589 2202 sit
611 2154 660 2201 in
688 2166 907 2223 apparatu
932 2157 1028 2222 ejus
1051 2166 1097 2205 et
1119 2170 1303 2213 aurum,
1327 2163 1373 2202 et
1405 2153 1640 2219 gemmae,³
1680 2162 1734 2203 ut

182 2299 299 2336 salam
315 2314 325 2344 ;
350 2299 396 2336 de
417 2312 493 2348 quo
512 2299 789 2345 Quintilianus,
807 2299 925 2337 Insti-

184 2359 258 2390 tut.
279 2352 389 2390 Orat.
409 2366 449 2389 x.
478 2358 510 2390 l.
564 2352 621 2391 Ac
641 2354 808 2391 Messala
837 2353 926 2390 niti-

185 2408 253 2444 dus
289 2412 324 2443 et
360 2406 551 2449 candidus,
593 2414 629 2445 ec·
666 2406 925 2459 quodammodo

180 2473 261 2513 prce
278 2460 456 2510 sefercm·
471 2459 509 2497 in
527 2460 678 2498 (licendo
698 2460 925 2498 nobilitatem

184 2527 300 2558 snam,
328 2513 469 2550 viribus
487 2513 617 2554 minor.
675 2515 773 2553 Vide
793 2522 830 2551 ct
852 2513 926 2551 Pli

184 2568 306 2613 nium,
332 2580 376 2604 v.
400 2567 469 2617 lep.
491 2571 529 2604 3.

219 2669 250 2687 '¹
286 2670 506 2714 Viderimus,
542 2670 702 2721 inquam.
763 2672 837 2708 Pro
873 2673 927 2709 ἰη-

182 2738 302 2776 quom,
316 2725 371 2760 vel
384 2725 660 2762 emendandum
675 2725 710 2761 in
726 2731 923 2777 qnantum.-

182 2793 228 2816 eo
251 2791 373 2822 sensu,
402 2778 493 2815 lim
515 2778 721 2815 Corxinmn
743 2791 815 2815 non
835 2791 927 2815 insc-

183 2845 293 2883 quar,
316 2833 518 2868 κίιὶυνίιιηιε
537 2840 659 2868 tamin
683 2833 718 2868 in
727 2846 801 2890 'qu
793 2840 924 2869 tntum

176 2887 330 2936 judicio
349 2885 430 2933 ejus
453 2886 504 2921 xis
524 2893 590 2921 aut
619 2885 750 2930 animi,
779 2894 848 2922 ·1ut
873 2886 928 2922 in-

181 2941 279 2990 genii
316 2938 524 2975 ευῆὶςιῐίῐι
570 2938 626 2974 v‹l
666 2939 759 2976 forte
806 2940 929 2988 legen-

178 2995 288 3039 dum,
318 2994 456 3031 utinam
477 2992 630 3044 judicio
663 3006 743 3044 <sus
775 2994 830 3031 vis
863 2998 928 3030 aut

992 2299 1117 2344 animi,
1141 2304 1206 2337 aut
1225 2297 1366 2348 ingenii
1382 2296 1576 2344 siffceret.
1631 2294 1737 2336 Vide

992 2361 1071 2390 not.
1089 2363 1127 2389 et
1143 2353 1288 2390 emend.
1308 2352 1354 2388 ad
1376 2364 1461 2401 cap.
1482 2354 1547 2390 21.

1048 2404 1064 2421 ²
1083 2405 1308 2443 sententias.
1355 2404 1634 2442 Sententiarum
1652 2414 1735 2439 sen·

994 2472 1182 2509 suumque
1213 2459 1415 2497 discrimen
1445 2458 1556 2496 docet
1579 2456 1735 2502 Quinti·

996 2512 1132 2558 nanus,
1178 2512 1353 2550 Institnt.
1396 2511 1506 2550 Orat.
1552 2522 1650 2547 vux.
1695 2512 1735 2547 5.

996 2565 1233 2604 Consuetudo
1257 2569 1346 2616 jam
1380 2565 1514 2609 tenuit,
1545 2569 1588 2602 ut
1613 2568 1735 2601 mente
1766 2586 1768 2590 ·

994 2626 1171 2670 concepta
1193 2633 1320 2657 semus
1339 2631 1573 2656 vocaremur.-
1596 2615 1736 2654 lumina

995 2681 1130 2716 autem,
1145 2672 1400 2724 proecipufique
1418 2671 1457 2709 in
1478 2670 1654 2710 clausulis
1668 2674 1736 2721 po-

996 2728 1084 2773 sita,
1105 2727 1327 2765 sententias.

1052 2779 1064 2799 ¹
1090 2780 1257 2825 Aurum,
1289 2785 1327 2817 et
1354 2790 1515 2830 gemmoe.
1577 2776 1768 2828 Insignis

998 2834 1120 2878 locus,
1141 2847 1220 2884 quo
1239 2833 1423 2884 privatam
1438 2831 1575 2869 borum
1592 2832 1768 2883 ternpo-
1764 2855 1768 2867 -.

999 2900 1083 2924 rum
1103 2887 1329 2939 elegantiam
1348 2893 1386 2923 et
1403 2884 1639 2937 opulentiam
1668 2880 1738 2926 do—
1763 2896 1768 2915 ι

1000 2953 1153 2979 cemur.
1760 2960 1762 2963 -

1724 2991 1726 2996 ⁵
1760 2990 1768 3126 l

1755 3158 1768 3236 ι·
