1768 3236
0 169 1 178 ³
56 157 239 223 J.⁴c.6s.
368 158 516 214 LIBRI
545 157 748 199 DECIMI
775 158 937 198 SEXTI
967 159 1284 199 ANNALIUM.
1518 166 1598 202 485

53 261 218 315 veteris
247 260 326 309 otii
355 259 578 310 desiderio
618 259 876 326 languidus,
925 278 1011 310 nec
1049 280 1154 330 quae
1189 261 1420 327 temporis
1441 261 1597 323 forent

51 355 236 397 curam,
269 349 348 389 aut
381 337 653 403 intelligens.
723 338 817 385 Sed
852 339 949 403 ejus
983 338 1192 386 inertiam
1221 339 1339 404 juvit
1377 339 1593 390 fortuna:

52 415 295 465 hominum
330 413 535 462 ludibriis
570 414 691 473 laeta,
725 414 861 461 simul
886 408 1125 463 Caesarum
1154 416 1349 464 domum
1371 419 1593 478 vertebat,

51 499 99 540 et
132 508 272 559 quem
311 491 560 539 destinabat
582 490 798 554 Imperi0,
831 491 1083 539 terroribus
1106 492 1376 558 exagitabat.
1443 495 1495 542 N
1495 512 1596 543 ero-

50 585 160 617 nem
199 568 312 616 vero
352 579 404 615 ut
442 567 673 639 perditum
713 567 816 626 iret,
850 568 967 616 luxu
1007 579 1051 616 et
1092 570 1279 629 deliciis,
1314 588 1419 638 quae
1459 572 1594 625 unica

49 656 318 711 supererant
340 643 656 693 dominationis
678 643 970 704 adminicula,
1003 661 1086 694 usa
1108 657 1210 695 est.

117 807 196 847 81.
229 800 409 864 FORT33
434 814 554 862 unus
578 796 604 845 ὲ
627 797 750 862 turpi
773 798 1029 861 spadonum
1051 816 1212 865 grege,
1234 799 1353 852 inter
1370 802 1592 868 Principis

48 876 257 928 libidines
292 875 496 934 intimus,
545 891 594 922 se
627 873 841 939 injuriam
874 874 1062 941 indigne
1103 877 1328 943 accepisse
1365 881 1591 930 credidit.¹

47 955 139 1001 Per
159 953 391 1018 pudenda,
425 952 493 1000 uti
512 952 631 1000 solet
651 951 698 999 id
720 951 963 1003 hominum
998 970 1162 1019 genus,
1197 955 1419 1005 ultionem
1445 969 1589 1022 parat.

47 1018 468 1119 secretioribusque
490 1029 702 1088 consiliis,
733 1024 862 1094 queis
885 1030 1158 1078 destinatum
1180 1032 1360 1080 Neroni
1381 1046 1592 1082 sen-atum

48 1108 314 1156 universum
329 1124 510 1166 necare,
532 1109 715 1155 Urbem
737 1107 904 1155 iterum
926 1107 1208 1167 incendere,²
1233 1107 1387 1157 feras
1366 1126 1422 1157 ιιι
1444 1128 1591 1175 popu-

15 1239 30 1255 ,ο
47 1186 148 1235 lum
169 1184 431 1244 immittere,
463 1183 686 1249 aufugere
708 1183 1058 1243 Alexandriam,
1091 1183 1201 1232 vere
1230 1183 1406 1234 falsove
1435 1188 1592 1252 prodi-

46 1263 122 1322 tis,
138 1247 409 1320 ‚inevitabne
443 1261 636 1310 exitium
673 1261 834 1310 attulit.
902 1262 1047 1310 Nuua
1079 1261 1183 1310 ante
1206 1263 1427 1332 Principis
1461 1282 1592 1316 reve.

45 1341 221 1401 rentia;
258 1339 412 1387 nullus
450 1356 598 1398 amor,
631 1338 679 1386 ni
700 1337 821 1390 forte
844 1340 967 1406 apud
989 1339 1173 1403 plebem
1212 1340 1332 1388 ludis
1365 1340 1589 1403 insanam,

44 1420 127 1468 sed
162 1417 399 1476 mobilem,
448 1428 494 1465 et
531 1416 841 1482 potentiorum
878 1415 1137 1465 infortuniis
1178 1433 1361 1481 semper
1384 1418 1555 1467 'laetam
1571 1438 1586 1469 z

15 1550 23 1554 ,
45 1506 264 1560 corrupta
285 1506 364 1542 aut
384 1494 644 1543 inconstans
679 1494 968 1543 exercituum
990 1494 1134 1543 fides:
1169 1510 1229 1542 ne
1251 1505 1376 1544 certa
1398 1495 1589 1560 quidem

45 1572 373 1638 praetoriarum,
387 1571 647 1620 cohortium
668 1571 829 1619 studia.
871 1572 973 1635 Ipse
994 1570 1235 1629 Petronius
1256 1571 1588 1636 Turpilianus‚³

45 1651 106 1704 ad
142 1649 496 1714 opprimendum
522 1649 722 1696 Galbam
744 1648 924 1707 missus,
958 1646 1200 1699 defecerat.
1267 1649 1438 1697 Nudus
1468 1649 1586 1715 ergo

44 1740 92 1783 et
113 1726 297 1780 inermis
320 1727 500 1790 patebat
520 1726 669 1788 Nero,
692 1741 805 1773 cum
827 1734 1026 1783 senatus,
1048 1724 1322 1791 opprobriis,
1354 1724 1586 1789 patientia,

44 1804 258 1869 periculo
271 1814 423 1861 atrox,
435 1813 639 1889 paratam
654 1801 738 1849 sibi
759 1800 939 1856 ruinam
955 1800 1003 1847 in
1020 1802 1117 1865 ejus
1133 1812 1370 1853 auctorem
1392 1818 1588 1853 conver-

15 1914 19 1919 ·
43 1893 158 1947 tere,
191 1879 379 1949 totaque
402 1879 559 1946 legum
581 1879 625 1928 vi
647 1877 806 1928 saevire
826 1877 1100 1949 properavit.

846 2060 1010 2111 Sulpicii
1029 2059 1179 2101 Galbae.
1234 2060 1337 2098 Infra
1356 2061 1395 2100 S.
1408 2062 1453 2099 C.
1471 2075 1576 2100 sena-

43 2063 115 2108 nis,
141 2064 232 2101 urbs
249 2053 356 2101 'clara
375 2062 570 2113 Hispaniae
586 2063 770 2100 Tarraco-

844 2116 1085 2152 tuseonsulto.
1140 2113 1241 2150 Vide
1269 2114 1462 2153 eruditum
1488 2116 1517 2153 F
1520 2115 1575 2153 lo-

45 2117 184 2163 nensis,
201 2127 238 2154 et
257 2126 462 2154 conventus
473 2115 677 2166 juridicus,
705 2116 774 2153 Vi-

45 2171 183 2208 dentur
214 2170 342 2209 adhuc
378 2182 514 2219 magna
549 2169 698 2214 rudera,
736 2177 774 2207 et

46 2236 133 2274 pars
157 2223 446 2274 amphitheatri:
476 2231 516 2259 at
533 2222 571 2267 in
590 2222 676 2260 loco
700 2232 773 2260 stat

47 2276 197 2318 tantum
238 2277 399 2315 ecclesia
441 2277 558 2321 dicta,
602 2276 772 2314 Naestra

46 2343 189 2382 Seffora
222 2342 267 2379 de
304 2340 451 2387 Castro,
494 2340 591 2377 inter
629 2341 771 2391 oppida

47 2406 197 2452 Cornua
209 2406 269 2447 del
281 2403 404 2442 Conde
417 2411 454 2442 et
467 2403 641 2444 Peffalba.
670 2406 770 2443 Cum

45 2459 245 2511 imperavit
264 2458 406 2503 Galba,
433 2469 547 2495 cusus
565 2465 622 2496 est
641 2459 771 2496 Romae

46 2526 227 2564 nummus
243 2524 315 2549 aere
335 2523 483 2560 magno,
502 2513 568 2549 SE
580 2513 626 2549 R.
644 2513 668 2550 S
679 2512 770 2552 Ul..-

46 2567 121 2606 1³1.
148 2566 364 2607 GALBA.
397 2565 521 2601 IMI’.
546 2565 772 2604 CAESAR.

48 2622 84 2659 A
97 2620 191 2667 UG.
233 2620 289 2665 P.
312 2618 372 2655 M.
409 2618 499 2658 TR.
540 2619 582 2656 P.
637 2619 772 2668 Capite

47 2673 231 2711 laureato.
287 2671 332 2708 In
350 2670 478 2708 aversa
498 2682 615 2721 parte,
634 2672 771 2708 mulier

47 2735 147 2765 stans
166 2727 272 2763 offert
287 2725 509 2775 Imperatori
530 2725 670 2767 sedenti
699 2734 773 2763 tro·

74 2781 214 2826 haeum,
271 2778 574 2823 HISPANIA
637 2778 774 2816 CLU-

75 2873 78 2877 ,
100 2834 160 2878 IA
192 2832 314 2870 SUL.
334 2831 373 2867 id
396 2838 465 2877 est,
492 2830 626 2869 Clunia
649 2830 785 2882 Sulpi-'

48 2875 132 2932 ,ὲὶὰς
169 2885 225 2933 ita
258 2883 347 2930 sane
382 2884 487 2930 dicta
518 2884 558 2930 in
591 2884 771 2930 honorem

841 2191 913 2224 rez,
934 2178 985 2216 M
984 2179 1123 2216 edallas
1141 2178 1184 2218 de
1202 2175 1367 2228 Espcffia,
1385 2194 1424 2231 p.
1442 2185 1537 2224 372.

894 2300 907 2318 ¹
938 2300 1119 2340 Credidit.
1168 2303 1245 2342 Dio
1265 2302 1569 2357 Chrysostomus,

840 2363 934 2392 orat.
956 2367 1051 2392 XXI.
1071 2369 1108 2406 p.
1127 2359 1220 2396 271.

893 2405 911 2422 ²
952 2408 1096 2445 Iterum
1142 2409 1346 2447 incendere.
1403 2410 1464 2448 De
1508 2410 1568 2451 his

838 2461 1032 2499 atrocibus
1070 2462 1231 2501 Neronis
1270 2463 1439 2502 consiliis
1473 2464 1569 2513 Dio,

842 2526 969 2552 txtn.
988 2528 1026 2565 p.
1040 2512 1131 2558 726.
1188 2515 1362 2563 Zonaras,
1382 2517 1457 2555 vol.
1476 2529 1506 2555 1.
1526 2530 1566 2568 p.

839 2571 929 2610 570.
947 2575 985 2605 et
997 2568 1109 2607 Suet.
1138 2568 1178 2606 in
1204 2569 1567 2610 Ner.x1.111.Se-.

837 2626 963 2658 natum
982 2622 1188 2659 universum
1206 2635 1342 2662 venena
1354 2636 1425 2672 per
1442 2623 1568 2662 convi-

837 2674 897 2711 via
917 2683 1061 2721 necare,
1088 2674 1225 2713 Urbem
1242 2675 1446 2724 incendere,
1459 2676 1567 2727 feri-5

838 2726 876 2763 in
892 2727 1095 2777 populum'
1081 2727 1261 2775 mammis,
1289 2729 1359 2778 qut>
1377 2729 1564 2777 dfficiliels

841 2780 1118 2831 defenderetur.

894 2829 910 2854 ²
956 2833 1210 2883 Turpilianus.
1273 2835 1449 2885 zonaras,
1489 2835 1567 2879 loc.

840 2886 911 2929 cit:
924 2885 1050 2930 Tacit.
1069 2887 1169 2929 Hist.
1185 2900 1215 2931 ι.
1234 2885 1273 2934 6.
