<?xml version="1.0" encoding="UTF-8"?>
<!DOCTYPE html PUBLIC "-//W3C//DTD XHTML 1.0 Transitional//EN"
    "http://www.w3.org/TR/xhtml1/DTD/xhtml1-transitional.dtd">
<html xmlns="http://www.w3.org/1999/xhtml" xml:lang="en" lang="en">
 <head>
  <title>
</title>
<meta http-equiv="Content-Type" content="text/html;charset=utf-8" />
  <meta name='ocr-system' content='tesseract 3.04.00' />
  <meta name='ocr-capabilities' content='ocr_page ocr_carea ocr_par ocr_line ocrx_word'/>
</head>
<body>
  <div class='ocr_page' id='page_1' title='image "./operarecognovite04taciuoft_0589.png"; bbox 0 0 1768 3236; ppageno 0'>
   <div class='ocr_carea' id='block_1_1' title="bbox 293 159 1587 212">
    <p class='ocr_par' dir='ltr' id='par_1_1' title="bbox 293 159 1587 212">
     <span class='ocr_line' id='line_1_1' title="bbox 293 159 1587 212; baseline -0.003 -4"><span class='ocrx_word' id='word_1_1' title='bbox 293 168 373 208; x_wconf 84' lang='lat' dir='ltr'><strong>AD</strong></span> <span class='ocrx_word' id='word_1_2' title='bbox 401 166 502 206; x_wconf 71' lang='lat' dir='ltr'><strong>Lis.</strong></span> <span class='ocrx_word' id='word_1_3' title='bbox 532 165 608 205; x_wconf 85' lang='lat' dir='ltr'><strong>DE</strong></span> <span class='ocrx_word' id='word_1_4' title='bbox 637 162 888 204; x_wconf 81' lang='lat' dir='ltr'>MORIBUS</span> <span class='ocrx_word' id='word_1_5' title='bbox 917 159 1342 204; x_wconf 85' lang='lat' dir='ltr'><strong>GERMANORUM.</strong></span> <span class='ocrx_word' id='word_1_6' title='bbox 1506 167 1587 212; x_wconf 80' lang='grc'><strong>577</strong></span> 
     </span>
    </p>
   </div>
   <div class='ocr_carea' id='block_1_2' title="bbox 28 265 1649 910">
    <p class='ocr_par' dir='ltr' id='par_1_2' title="bbox 36 265 1649 846">
     <span class='ocr_line' id='line_1_2' title="bbox 96 265 1649 328; baseline -0.005 -12"><span class='ocrx_word' id='word_1_7' title='bbox 96 271 282 321; x_wconf 74' lang='lat' dir='ltr'><strong>Nomina</strong></span> <span class='ocrx_word' id='word_1_8' title='bbox 305 266 552 328; x_wconf 68' lang='lat' dir='ltr'><strong>superioris.</strong></span> <span class='ocrx_word' id='word_1_9' title='bbox 623 265 691 311; x_wconf 85' lang='lat' dir='ltr'><strong>Ita</strong></span> <span class='ocrx_word' id='word_1_10' title='bbox 722 265 953 312; x_wconf 80' lang='lat' dir='ltr'><strong>Beroaldus</strong></span> <span class='ocrx_word' id='word_1_11' title='bbox 985 274 1030 310; x_wconf 88' lang='lat' dir='ltr'><strong>et</strong></span> <span class='ocrx_word' id='word_1_12' title='bbox 1060 265 1318 321; x_wconf 74' lang='lat' dir='ltr'><strong>recentiores.</strong></span> <span class='ocrx_word' id='word_1_13' title='bbox 1375 265 1445 311; x_wconf 85' lang='lat' dir='ltr'><strong>Ae</strong></span> <span class='ocrx_word' id='word_1_14' title='bbox 1473 266 1587 317; x_wconf 65' lang='lat' dir='ltr'><strong>bene¹</strong></span> <span class='ocrx_word' id='word_1_15' title='bbox 1644 266 1649 270; x_wconf 87' lang='grc'><strong>’</strong></span> 
     </span>
     <span class='ocr_line' id='line_1_3' title="bbox 38 339 1582 406; baseline -0.005 -16"><span class='ocrx_word' id='word_1_16' title='bbox 38 348 217 406; x_wconf 88' lang='lat' dir='ltr'><strong>quidem,</strong></span> <span class='ocrx_word' id='word_1_17' title='bbox 232 357 233 360; x_wconf 77' lang='grc'>’</span> <span class='ocrx_word' id='word_1_18' title='bbox 248 356 294 389; x_wconf 88' lang='lat' dir='ltr'><strong>ut</strong></span> <span class='ocrx_word' id='word_1_19' title='bbox 324 353 438 403; x_wconf 88' lang='lat' dir='ltr'><strong>patet</strong></span> <span class='ocrx_word' id='word_1_20' title='bbox 467 360 516 387; x_wconf 84' lang='lat' dir='ltr'><strong>ex</strong></span> <span class='ocrx_word' id='word_1_21' title='bbox 551 341 829 399; x_wconf 80' lang='lat' dir='ltr'><strong>sequentibus.</strong></span> <span class='ocrx_word' id='word_1_22' title='bbox 887 340 1080 385; x_wconf 81' lang='lat' dir='ltr'><strong>Victores</strong></span> <span class='ocrx_word' id='word_1_23' title='bbox 1108 340 1218 386; x_wconf 85' lang='lat' dir='ltr'><strong>enim</strong></span> <span class='ocrx_word' id='word_1_24' title='bbox 1253 339 1451 383; x_wconf 85' lang='lat' dir='ltr'>Cherusci</span> <span class='ocrx_word' id='word_1_25' title='bbox 1479 339 1582 383; x_wconf 90' lang='lat' dir='ltr'><strong>boni</strong></span> 
     </span>
     <span class='ocr_line' id='line_1_4' title="bbox 38 413 1580 480; baseline -0.005 -15"><span class='ocrx_word' id='word_1_26' title='bbox 38 423 228 480; x_wconf 84' lang='lat' dir='ltr'><strong>aequique</strong></span> <span class='ocrx_word' id='word_1_27' title='bbox 246 421 346 463; x_wconf 90' lang='lat' dir='ltr'><strong>olim</strong></span> <span class='ocrx_word' id='word_1_28' title='bbox 373 419 634 470; x_wconf 82' lang='lat' dir='ltr'><strong>dicebantur3</strong></span> <span class='ocrx_word' id='word_1_29' title='bbox 665 425 708 458; x_wconf 86' lang='lat' dir='ltr'><strong>at</strong></span> <span class='ocrx_word' id='word_1_30' title='bbox 736 416 835 459; x_wconf 90' lang='lat' dir='ltr'><strong>victi</strong></span> <span class='ocrx_word' id='word_1_31' title='bbox 864 431 972 458; x_wconf 88' lang='lat' dir='ltr'><strong>nunc</strong></span> <span class='ocrx_word' id='word_1_32' title='bbox 997 415 1144 457; x_wconf 85' lang='lat' dir='ltr'><strong>inertes</strong></span> <span class='ocrx_word' id='word_1_33' title='bbox 1169 430 1218 457; x_wconf 91' lang='lat' dir='ltr'><strong>ac</strong></span> <span class='ocrx_word' id='word_1_34' title='bbox 1238 413 1351 457; x_wconf 87' lang='lat' dir='ltr'><strong>stulti</strong></span> <span class='ocrx_word' id='word_1_35' title='bbox 1369 422 1580 458; x_wconf 86' lang='lat' dir='ltr'><strong>vocantur.</strong></span> 
     </span>
     <span class='ocr_line' id='line_1_5' title="bbox 36 488 1580 550; baseline -0.004 -11"><span class='ocrx_word' id='word_1_36' title='bbox 36 495 254 550; x_wconf 86' lang='lat' dir='ltr'><strong>Modestia</strong></span> <span class='ocrx_word' id='word_1_37' title='bbox 289 495 386 550; x_wconf 70' lang='lat' dir='ltr'><strong>ergo</strong></span> <span class='ocrx_word' id='word_1_38' title='bbox 426 509 473 535; x_wconf 91' lang='lat' dir='ltr'><strong>ac</strong></span> <span class='ocrx_word' id='word_1_39' title='bbox 510 491 693 548; x_wconf 85' lang='lat' dir='ltr'>probitas</span> <span class='ocrx_word' id='word_1_40' title='bbox 727 490 895 533; x_wconf 81' lang='lat' dir='ltr'><strong>nomina</strong></span> <span class='ocrx_word' id='word_1_41' title='bbox 933 489 1152 545; x_wconf 84' lang='lat' dir='ltr'><strong>superioris</strong></span> <span class='ocrx_word' id='word_1_42' title='bbox 1190 496 1296 531; x_wconf 90' lang='lat' dir='ltr'><strong>sunt.</strong></span> <span class='ocrx_word' id='word_1_43' title='bbox 1356 488 1406 531; x_wconf 91' lang='lat' dir='ltr'><strong>In</strong></span> <span class='ocrx_word' id='word_1_44' title='bbox 1440 489 1580 533; x_wconf 88' lang='lat' dir='ltr'><strong>MSS.</strong></span> 
     </span>
     <span class='ocr_line' id='line_1_6' title="bbox 39 554 1580 624; baseline -0.004 -11"><span class='ocrx_word' id='word_1_45' title='bbox 39 570 176 613; x_wconf 88' lang='lat' dir='ltr'><strong>Vatic.</strong></span> <span class='ocrx_word' id='word_1_46' title='bbox 199 569 308 612; x_wconf 92' lang='lat' dir='ltr'><strong>Cod.</strong></span> <span class='ocrx_word' id='word_1_47' title='bbox 330 569 472 624; x_wconf 89' lang='lat' dir='ltr'><strong>Kapp.</strong></span> <span class='ocrx_word' id='word_1_48' title='bbox 493 576 535 609; x_wconf 91' lang='lat' dir='ltr'><strong>et</strong></span> <span class='ocrx_word' id='word_1_49' title='bbox 565 565 808 608; x_wconf 86' lang='lat' dir='ltr'><strong>editionibus</strong></span> <span class='ocrx_word' id='word_1_50' title='bbox 837 564 1057 614; x_wconf 86' lang='lat' dir='ltr'><strong>veteribus,</strong></span> <span class='ocrx_word' id='word_1_51' title='bbox 1076 563 1252 606; x_wconf 83' lang='lat' dir='ltr'><strong>nomine.</strong></span> <span class='ocrx_word' id='word_1_52' title='bbox 1313 563 1415 607; x_wconf 87' lang='lat' dir='ltr'><strong>MS.</strong></span> <span class='ocrx_word' id='word_1_53' title='bbox 1433 554 1580 607; x_wconf 69' lang='lat' dir='ltr'><strong>Tude.</strong></span> 
     </span>
     <span class='ocr_line' id='line_1_7' title="bbox 37 637 1578 701; baseline -0.004 -14"><span class='ocrx_word' id='word_1_54' title='bbox 37 644 201 687; x_wconf 76' lang='lat' dir='ltr'><strong>nomine</strong></span> <span class='ocrx_word' id='word_1_55' title='bbox 236 644 473 701; x_wconf 77' lang='lat' dir='ltr'><em>superiores.</em></span> <span class='ocrx_word' id='word_1_56' title='bbox 534 641 702 683; x_wconf 83' lang='lat' dir='ltr'><strong>Frustra</strong></span> <span class='ocrx_word' id='word_1_57' title='bbox 739 640 928 682; x_wconf 86' lang='lat' dir='ltr'><strong>emendat</strong></span> <span class='ocrx_word' id='word_1_58' title='bbox 974 637 1181 695; x_wconf 89' lang='lat' dir='ltr'>Tanaquil</span> <span class='ocrx_word' id='word_1_59' title='bbox 1220 638 1369 690; x_wconf 87' lang='lat' dir='ltr'>Faber,</span> <span class='ocrx_word' id='word_1_60' title='bbox 1409 638 1578 681; x_wconf 82' lang='lat' dir='ltr'><strong>nomina</strong></span> 
     </span>
     <span class='ocr_line' id='line_1_8' title="bbox 37 711 1581 777; baseline -0.004 -15"><span class='ocrx_word' id='word_1_61' title='bbox 37 718 245 777; x_wconf 56' lang='lat' dir='ltr'><strong>sequioris.</strong></span> <span class='ocrx_word' id='word_1_62' title='bbox 307 716 518 769; x_wconf 84' lang='lat' dir='ltr'>Heinsius,</span> <span class='ocrx_word' id='word_1_63' title='bbox 538 715 706 758; x_wconf 81' lang='lat' dir='ltr'><strong>nomina</strong></span> <span class='ocrx_word' id='word_1_64' title='bbox 735 714 937 771; x_wconf 72' lang='lat' dir='ltr'><em>superiori</em></span> <span class='ocrx_word' id='word_1_65' title='bbox 965 721 1073 766; x_wconf 81' lang='lat' dir='ltr'><strong>sunt,</strong></span> <span class='ocrx_word' id='word_1_66' title='bbox 1103 712 1146 755; x_wconf 91' lang='lat' dir='ltr'><strong>id</strong></span> <span class='ocrx_word' id='word_1_67' title='bbox 1175 720 1249 766; x_wconf 90' lang='lat' dir='ltr'><strong>est,</strong></span> <span class='ocrx_word' id='word_1_68' title='bbox 1279 711 1304 753; x_wconf 65' lang='grc' dir='ltr'><strong><em>ἢ</em></strong></span> <span class='ocrx_word' id='word_1_69' title='bbox 1333 713 1581 769; x_wconf 87' lang='lat' dir='ltr'><strong>potentiore,</strong></span> 
     </span>
     <span class='ocr_line' id='line_1_9' title="bbox 39 792 714 846; baseline -0.006 -10"><span class='ocrx_word' id='word_1_70' title='bbox 39 802 88 836; x_wconf 84' lang='lat' dir='ltr'><strong>ut</strong></span> <span class='ocrx_word' id='word_1_71' title='bbox 106 793 239 841; x_wconf 84' lang='lat' dir='ltr'><strong>inania</strong></span> <span class='ocrx_word' id='word_1_72' title='bbox 257 792 435 844; x_wconf 82' lang='lat' dir='ltr'><strong>nomina,</strong></span> <span class='ocrx_word' id='word_1_73' title='bbox 455 799 714 846; x_wconf 84' lang='lat' dir='ltr'><strong>spernuntur.</strong></span> 
     </span>
    </p>

    <p class='ocr_par' dir='ltr' id='par_1_3' title="bbox 28 856 1583 910">
     <span class='ocr_line' id='line_1_10' title="bbox 28 856 1583 910; baseline -0.004 1"><span class='ocrx_word' id='word_1_74' title='bbox 28 856 33 858; x_wconf 16' lang='grc' dir='ltr'><strong>Ἴ</strong></span> <span class='ocrx_word' id='word_1_75' title='bbox 102 867 248 910; x_wconf 78' lang='lat' dir='ltr'><strong>Tracti</strong></span> <span class='ocrx_word' id='word_1_76' title='bbox 267 863 404 910; x_wconf 76' lang='lat' dir='ltr'><strong>rui-nli.</strong></span> <span class='ocrx_word' id='word_1_77' title='bbox 466 864 580 907; x_wconf 69' lang='lat' dir='ltr'><strong>Bene</strong></span> <span class='ocrx_word' id='word_1_78' title='bbox 602 863 787 906; x_wconf 86' lang='lat' dir='ltr'><strong>Pichena</strong></span> <span class='ocrx_word' id='word_1_79' title='bbox 806 870 848 906; x_wconf 91' lang='lat' dir='ltr'><strong>et</strong></span> <span class='ocrx_word' id='word_1_80' title='bbox 863 861 1120 905; x_wconf 87' lang='lat' dir='ltr'><strong>recentiores.</strong></span> <span class='ocrx_word' id='word_1_81' title='bbox 1178 859 1231 904; x_wconf 85' lang='lat' dir='ltr'><strong>In</strong></span> <span class='ocrx_word' id='word_1_82' title='bbox 1245 860 1448 905; x_wconf 84' lang='lat' dir='ltr'><strong>veteribus</strong></span> <span class='ocrx_word' id='word_1_83' title='bbox 1466 860 1583 905; x_wconf 75' lang='lat' dir='ltr'><strong>editi-</strong></span> 
     </span>
    </p>
   </div>
   <div class='ocr_carea' id='block_1_3' title="bbox 41 937 1103 1059">
    <p class='ocr_par' dir='ltr' id='par_1_4' title="bbox 41 937 1103 1059">
     <span class='ocr_line' id='line_1_11' title="bbox 41 937 1103 997; baseline -0.007 -12"><span class='ocrx_word' id='word_1_84' title='bbox 41 941 206 994; x_wconf 85' lang='lat' dir='ltr'><strong>onibus,</strong></span> <span class='ocrx_word' id='word_1_85' title='bbox 227 941 330 983; x_wconf 78' lang='lat' dir='ltr'><strong>tacti</strong></span> <span class='ocrx_word' id='word_1_86' title='bbox 339 957 353 991; x_wconf 93' lang='grc'><strong>,·</strong></span> <span class='ocrx_word' id='word_1_87' title='bbox 384 940 497 997; x_wconf 92' lang='lat' dir='ltr'><strong>quod</strong></span> <span class='ocrx_word' id='word_1_88' title='bbox 515 948 652 981; x_wconf 88' lang='lat' dir='ltr'><strong>tamen</strong></span> <span class='ocrx_word' id='word_1_89' title='bbox 679 937 862 980; x_wconf 87' lang='lat' dir='ltr'><strong>defendit</strong></span> <span class='ocrx_word' id='word_1_90' title='bbox 882 937 1103 980; x_wconf 88' lang='lat' dir='ltr'><strong>Gruterus.</strong></span> 
     </span>
     <span class='ocr_line' id='line_1_12' title="bbox 100 1011 957 1059; baseline -0.006 0"><span class='ocrx_word' id='word_1_91' title='bbox 100 1015 163 1059; x_wconf 86' lang='lat' dir='ltr'><strong>Et</strong></span> <span class='ocrx_word' id='word_1_92' title='bbox 184 1015 294 1058; x_wconf 83' lang='lat' dir='ltr'><strong>Fosi.</strong></span> <span class='ocrx_word' id='word_1_93' title='bbox 353 1015 457 1058; x_wconf 88' lang='lat' dir='ltr'><strong>MS.</strong></span> <span class='ocrx_word' id='word_1_94' title='bbox 477 1013 615 1056; x_wconf 92' lang='lat' dir='ltr'><strong>Vatic.</strong></span> <span class='ocrx_word' id='word_1_95' title='bbox 635 1013 759 1056; x_wconf 76' lang='lat'><strong>1862.</strong></span> <span class='ocrx_word' id='word_1_96' title='bbox 780 1019 820 1055; x_wconf 82' lang='lat' dir='ltr'><strong>et</strong></span> <span class='ocrx_word' id='word_1_97' title='bbox 842 1011 957 1055; x_wconf 74' lang='lat' dir='ltr'><strong>Fusi.</strong></span> 
     </span>
    </p>
   </div>
   <div class='ocr_carea' id='block_1_4' title="bbox 35 1157 1596 2936">
    <p class='ocr_par' dir='ltr' id='par_1_5' title="bbox 38 1157 1586 1440">
     <span class='ocr_line' id='line_1_13' title="bbox 43 1157 1585 1221; baseline -0.003 -14"><span class='ocrx_word' id='word_1_98' title='bbox 43 1219 48 1221; x_wconf 65' lang='lat'>‚</span> <span class='ocrx_word' id='word_1_99' title='bbox 100 1163 221 1207; x_wconf 75' lang='lat' dir='ltr'><strong>CAP.</strong></span> <span class='ocrx_word' id='word_1_100' title='bbox 237 1169 308 1210; x_wconf 85' lang='lat'><strong>37.</strong></span> <span class='ocrx_word' id='word_1_101' title='bbox 341 1161 545 1204; x_wconf 80' lang='lat' dir='ltr'><strong>Eumdem</strong></span> <span class='ocrx_word' id='word_1_102' title='bbox 563 1159 800 1203; x_wconf 76' lang='lat' dir='ltr'><strong>Germanice</strong></span> <span class='ocrx_word' id='word_1_103' title='bbox 814 1158 950 1201; x_wconf 74' lang='lat' dir='ltr'><strong>situm.</strong></span> <span class='ocrx_word' id='word_1_104' title='bbox 994 1157 1061 1201; x_wconf 85' lang='lat' dir='ltr'><strong>Ita</strong></span> <span class='ocrx_word' id='word_1_105' title='bbox 1075 1157 1214 1202; x_wconf 89' lang='lat' dir='ltr'><strong>MSS.</strong></span> <span class='ocrx_word' id='word_1_106' title='bbox 1227 1158 1365 1202; x_wconf 90' lang='lat' dir='ltr'><strong>Vatic.</strong></span> <span class='ocrx_word' id='word_1_107' title='bbox 1379 1157 1585 1203; x_wconf 84' lang='lat' dir='ltr'><strong>Arundel.</strong></span> 
     </span>
     <span class='ocr_line' id='line_1_14' title="bbox 42 1232 1586 1294; baseline -0.005 -12"><span class='ocrx_word' id='word_1_108' title='bbox 42 1237 151 1282; x_wconf 86' lang='lat' dir='ltr'><strong>Cod.</strong></span> <span class='ocrx_word' id='word_1_109' title='bbox 184 1237 326 1294; x_wconf 84' lang='lat' dir='ltr'><strong>Kapp.</strong></span> <span class='ocrx_word' id='word_1_110' title='bbox 359 1246 399 1279; x_wconf 89' lang='lat' dir='ltr'><strong>et</strong></span> <span class='ocrx_word' id='word_1_111' title='bbox 435 1236 648 1278; x_wconf 83' lang='lat' dir='ltr'><strong>Ernestus.</strong></span> <span class='ocrx_word' id='word_1_112' title='bbox 673 1232 675 1235; x_wconf 41' lang='lat'><em>⁴</em></span> <span class='ocrx_word' id='word_1_113' title='bbox 710 1233 910 1277; x_wconf 83' lang='lat' dir='ltr'>Placebat</span> <span class='ocrx_word' id='word_1_114' title='bbox 941 1248 1106 1291; x_wconf 89' lang='lat' dir='ltr'><strong>quoque</strong></span> <span class='ocrx_word' id='word_1_115' title='bbox 1137 1232 1367 1277; x_wconf 84' lang='lat' dir='ltr'><strong>Gronovio.</strong></span> <span class='ocrx_word' id='word_1_116' title='bbox 1426 1232 1586 1275; x_wconf 87' lang='lat' dir='ltr'><strong>Puteo·</strong></span> 
     </span>
     <span class='ocr_line' id='line_1_15' title="bbox 38 1306 1584 1369; baseline -0.005 -13"><span class='ocrx_word' id='word_1_117' title='bbox 38 1313 173 1367; x_wconf 78' lang='lat' dir='ltr'><strong>lanus,</strong></span> <span class='ocrx_word' id='word_1_118' title='bbox 192 1313 343 1369; x_wconf 90' lang='lat' dir='ltr'><strong>aliique</strong></span> <span class='ocrx_word' id='word_1_119' title='bbox 361 1311 458 1354; x_wconf 89' lang='lat' dir='ltr'><strong>libri</strong></span> <span class='ocrx_word' id='word_1_120' title='bbox 476 1310 589 1364; x_wconf 84' lang='lat' dir='ltr'><strong>editi,</strong></span> <span class='ocrx_word' id='word_1_121' title='bbox 608 1310 755 1352; x_wconf 78' lang='lat' dir='ltr'><strong>sinum.</strong></span> <span class='ocrx_word' id='word_1_122' title='bbox 814 1308 875 1351; x_wconf 84' lang='lat' dir='ltr'><strong>At</strong></span> <span class='ocrx_word' id='word_1_123' title='bbox 893 1307 961 1350; x_wconf 77' lang='lat' dir='ltr'><strong>hic</strong></span> <span class='ocrx_word' id='word_1_124' title='bbox 987 1323 1070 1349; x_wconf 92' lang='lat' dir='ltr'><strong>non</strong></span> <span class='ocrx_word' id='word_1_125' title='bbox 1088 1308 1221 1364; x_wconf 84' lang='lat' dir='ltr'><strong>agitur</strong></span> <span class='ocrx_word' id='word_1_126' title='bbox 1239 1308 1289 1350; x_wconf 89' lang='lat' dir='ltr'><strong>de</strong></span> <span class='ocrx_word' id='word_1_127' title='bbox 1309 1306 1413 1362; x_wconf 88' lang='lat' dir='ltr'><strong>sinu,</strong></span> <span class='ocrx_word' id='word_1_128' title='bbox 1433 1308 1505 1350; x_wconf 90' lang='lat' dir='ltr'><strong>sed</strong></span> <span class='ocrx_word' id='word_1_129' title='bbox 1532 1307 1584 1350; x_wconf 87' lang='lat' dir='ltr'><strong>de</strong></span> 
     </span>
     <span class='ocr_line' id='line_1_16' title="bbox 41 1382 1303 1440; baseline -0.006 -9"><span class='ocrx_word' id='word_1_130' title='bbox 41 1389 189 1434; x_wconf 83' lang='lat' dir='ltr'><strong>eodem</strong></span> <span class='ocrx_word' id='word_1_131' title='bbox 211 1386 445 1430; x_wconf 83' lang='lat' dir='ltr'><strong>Germaniae</strong></span> <span class='ocrx_word' id='word_1_132' title='bbox 466 1385 562 1439; x_wconf 89' lang='lat' dir='ltr'><strong>situ;</strong></span> <span class='ocrx_word' id='word_1_133' title='bbox 597 1399 746 1440; x_wconf 90' lang='lat' dir='ltr'><strong>nempe</strong></span> <span class='ocrx_word' id='word_1_134' title='bbox 762 1383 802 1425; x_wconf 89' lang='lat' dir='ltr'><strong>in</strong></span> <span class='ocrx_word' id='word_1_135' title='bbox 824 1382 1157 1439; x_wconf 87' lang='lat' dir='ltr'><strong>Septemtrionali</strong></span> <span class='ocrx_word' id='word_1_136' title='bbox 1173 1390 1303 1438; x_wconf 85' lang='lat' dir='ltr'><strong>parte.</strong></span> 
     </span>
    </p>

    <p class='ocr_par' dir='ltr' id='par_1_6' title="bbox 35 1455 1588 1669">
     <span class='ocr_line' id='line_1_17' title="bbox 102 1455 1588 1520; baseline -0.004 -15"><span class='ocrx_word' id='word_1_137' title='bbox 102 1461 213 1506; x_wconf 67' lang='lat' dir='ltr'><strong>Lat&amp;</strong></span> <span class='ocrx_word' id='word_1_138' title='bbox 241 1461 430 1520; x_wconf 85' lang='lat' dir='ltr'><strong>vestigia.</strong></span> <span class='ocrx_word' id='word_1_139' title='bbox 491 1459 561 1502; x_wconf 89' lang='lat' dir='ltr'><strong>Sic</strong></span> <span class='ocrx_word' id='word_1_140' title='bbox 582 1459 749 1516; x_wconf 89' lang='lat' dir='ltr'><strong>quidem</strong></span> <span class='ocrx_word' id='word_1_141' title='bbox 777 1457 946 1515; x_wconf 83' lang='lat' dir='ltr'>Lipsius</span> <span class='ocrx_word' id='word_1_142' title='bbox 966 1465 1008 1500; x_wconf 91' lang='lat' dir='ltr'><strong>et</strong></span> <span class='ocrx_word' id='word_1_143' title='bbox 1034 1456 1280 1499; x_wconf 87' lang='lat' dir='ltr'><strong>recentiores</strong></span> <span class='ocrx_word' id='word_1_144' title='bbox 1311 1471 1468 1499; x_wconf 89' lang='lat' dir='ltr'><strong>omnes.</strong></span> <span class='ocrx_word' id='word_1_145' title='bbox 1525 1455 1588 1499; x_wconf 84' lang='lat' dir='ltr'><strong>At</strong></span> 
     </span>
     <span class='ocr_line' id='line_1_18' title="bbox 35 1525 1587 1590; baseline -0.005 -10"><span class='ocrx_word' id='word_1_146' title='bbox 35 1525 86 1590; x_wconf 32' lang='lat' dir='ltr'><strong>*in</strong></span> <span class='ocrx_word' id='word_1_147' title='bbox 104 1537 244 1579; x_wconf 88' lang='lat' dir='ltr'><strong>MSS.</strong></span> <span class='ocrx_word' id='word_1_148' title='bbox 261 1535 397 1578; x_wconf 86' lang='lat' dir='ltr'><strong>Vatic.</strong></span> <span class='ocrx_word' id='word_1_149' title='bbox 417 1544 460 1577; x_wconf 84' lang='lat' dir='ltr'><strong>et</strong></span> <span class='ocrx_word' id='word_1_150' title='bbox 478 1534 723 1578; x_wconf 79' lang='lat' dir='ltr'><strong>editionibus</strong></span> <span class='ocrx_word' id='word_1_151' title='bbox 743 1532 960 1586; x_wconf 66' lang='lat' dir='ltr'><strong>vetet-ihm,</strong></span> <span class='ocrx_word' id='word_1_152' title='bbox 979 1531 1070 1575; x_wconf 81' lang='lat' dir='ltr'><strong>lata</strong></span> <span class='ocrx_word' id='word_1_153' title='bbox 1090 1532 1290 1590; x_wconf 78' lang='lat' dir='ltr'><strong>vestigia3</strong></span> <span class='ocrx_word' id='word_1_154' title='bbox 1310 1533 1423 1590; x_wconf 88' lang='lat' dir='ltr'><strong>quod</strong></span> <span class='ocrx_word' id='word_1_155' title='bbox 1439 1529 1587 1574; x_wconf 90' lang='lat' dir='ltr'><strong>melius</strong></span> 
     </span>
     <span class='ocr_line' id='line_1_19' title="bbox 41 1621 161 1669; baseline -0.008 -14"><span class='ocrx_word' id='word_1_156' title='bbox 41 1621 161 1669; x_wconf 88' lang='lat' dir='ltr'><strong>puto.</strong></span> 
     </span>
    </p>

    <p class='ocr_par' dir='ltr' id='par_1_7' title="bbox 44 1680 1593 2712">
     <span class='ocr_line' id='line_1_20' title="bbox 106 1680 1590 1745; baseline -0.004 -15"><span class='ocrx_word' id='word_1_157' title='bbox 106 1686 267 1745; x_wconf 83' lang='lat' dir='ltr'><strong>Magni</strong></span> <span class='ocrx_word' id='word_1_158' title='bbox 297 1684 494 1728; x_wconf 48' lang='lat' dir='ltr'><strong>exercitus</strong></span> <span class='ocrx_word' id='word_1_159' title='bbox 510 1683 660 1740; x_wconf 86' lang='lat' dir='ltr'><strong>fidem.</strong></span> <span class='ocrx_word' id='word_1_160' title='bbox 721 1684 777 1725; x_wconf 90' lang='lat' dir='ltr'><strong>Se</strong></span> <span class='ocrx_word' id='word_1_161' title='bbox 802 1683 845 1725; x_wconf 89' lang='lat' dir='ltr'><strong>id</strong></span> <span class='ocrx_word' id='word_1_162' title='bbox 874 1680 900 1724; x_wconf 65' lang='lat' dir='ltr'>a</span> <span class='ocrx_word' id='word_1_163' title='bbox 919 1683 1160 1740; x_wconf 60' lang='lat' dir='ltr'><strong>conjectura</strong></span> <span class='ocrx_word' id='word_1_164' title='bbox 1189 1681 1420 1741; x_wconf 85' lang='lat' dir='ltr'><strong>reposuisse</strong></span> <span class='ocrx_word' id='word_1_165' title='bbox 1439 1683 1590 1725; x_wconf 85' lang='lat' dir='ltr'><strong>fatetur</strong></span> 
     </span>
     <span class='ocr_line' id='line_1_21' title="bbox 45 1755 1589 1822; baseline -0.005 -18"><span class='ocrx_word' id='word_1_166' title='bbox 45 1761 216 1820; x_wconf 85' lang='lat' dir='ltr'><strong>Lipsius</strong></span> <span class='ocrx_word' id='word_1_167' title='bbox 231 1761 357 1822; x_wconf 16' lang='lat' dir='ltr'><strong>:tcum</strong></span> <span class='ocrx_word' id='word_1_168' title='bbox 378 1757 497 1801; x_wconf 71' lang='lat' dir='ltr'><strong>autea</strong></span> <span class='ocrx_word' id='word_1_169' title='bbox 515 1758 556 1799; x_wconf 92' lang='lat' dir='ltr'><strong>in</strong></span> <span class='ocrx_word' id='word_1_170' title='bbox 575 1757 689 1801; x_wconf 86' lang='lat' dir='ltr'><strong>libris</strong></span> <span class='ocrx_word' id='word_1_171' title='bbox 710 1757 865 1809; x_wconf 87' lang='lat' dir='ltr'><strong>fuisset,</strong></span> <span class='ocrx_word' id='word_1_172' title='bbox 883 1758 1027 1815; x_wconf 81' lang='lat' dir='ltr'><strong>magni</strong></span> <span class='ocrx_word' id='word_1_173' title='bbox 1046 1755 1191 1799; x_wconf 60' lang='lat' dir='ltr'><strong>exitzis.</strong></span> <span class='ocrx_word' id='word_1_174' title='bbox 1252 1755 1407 1799; x_wconf 62' lang='lat' dir='ltr'><strong>Exitas</strong></span> <span class='ocrx_word' id='word_1_175' title='bbox 1421 1771 1589 1814; x_wconf 89' lang='lat' dir='ltr'><strong>quoque</strong></span> 
     </span>
     <span class='ocr_line' id='line_1_22' title="bbox 44 1830 1593 1888; baseline -0.005 -9"><span class='ocrx_word' id='word_1_176' title='bbox 44 1836 200 1888; x_wconf 77' lang='lat' dir='ltr'><strong>habent</strong></span> <span class='ocrx_word' id='word_1_177' title='bbox 231 1834 368 1878; x_wconf 75' lang='lat' dir='ltr'><strong>MSS.</strong></span> <span class='ocrx_word' id='word_1_178' title='bbox 389 1832 526 1875; x_wconf 88' lang='lat' dir='ltr'><strong>Vatic.</strong></span> <span class='ocrx_word' id='word_1_179' title='bbox 565 1832 692 1875; x_wconf 73' lang='lat' dir='ltr'><strong>Forte</strong></span> <span class='ocrx_word' id='word_1_180' title='bbox 720 1831 892 1875; x_wconf 90' lang='lat' dir='ltr'><strong>Tacitus</strong></span> <span class='ocrx_word' id='word_1_181' title='bbox 922 1832 1073 1874; x_wconf 79' lang='lat' dir='ltr'><strong>exitum</strong></span> <span class='ocrx_word' id='word_1_182' title='bbox 1104 1830 1218 1883; x_wconf 87' lang='lat' dir='ltr'><strong>dixit,</strong></span> <span class='ocrx_word' id='word_1_183' title='bbox 1248 1839 1294 1873; x_wconf 91' lang='lat' dir='ltr'><strong>ut</strong></span> <span class='ocrx_word' id='word_1_184' title='bbox 1321 1830 1593 1887; x_wconf 88' lang='lat' dir='ltr'><strong>irruptionem</strong></span> 
     </span>
     <span class='ocr_line' id='line_1_23' title="bbox 47 1903 1591 1964; baseline -0.005 -10"><span class='ocrx_word' id='word_1_185' title='bbox 47 1909 317 1954; x_wconf 88' lang='lat' dir='ltr'><strong>Cimbrorum</strong></span> <span class='ocrx_word' id='word_1_186' title='bbox 339 1908 598 1964; x_wconf 88' lang='lat' dir='ltr'><strong>significaret,</strong></span> <span class='ocrx_word' id='word_1_187' title='bbox 618 1907 670 1948; x_wconf 92' lang='lat' dir='ltr'><strong>de</strong></span> <span class='ocrx_word' id='word_1_188' title='bbox 691 1907 775 1963; x_wconf 61' lang='lat' dir='ltr'><strong>qu&amp;</strong></span> <span class='ocrx_word' id='word_1_189' title='bbox 795 1906 824 1949; x_wconf 88' lang='lat' dir='ltr'><strong>J</strong></span> <span class='ocrx_word' id='word_1_190' title='bbox 829 1906 998 1958; x_wconf 84' lang='lat' dir='ltr'><strong>ustinus,</strong></span> <span class='ocrx_word' id='word_1_191' title='bbox 1020 1919 1247 1948; x_wconf 81' lang='lat' dir='ltr'><strong>xxxvni.</strong></span> <span class='ocrx_word' id='word_1_192' title='bbox 1268 1909 1310 1947; x_wconf 91' lang='lat'><strong>5.</strong></span> <span class='ocrx_word' id='word_1_193' title='bbox 1340 1909 1372 1929; x_wconf 91' lang='lat'><em>“</em></span> <span class='ocrx_word' id='word_1_194' title='bbox 1394 1903 1529 1947; x_wconf 91' lang='lat' dir='ltr'><strong>Simul</strong></span> <span class='ocrx_word' id='word_1_195' title='bbox 1547 1911 1591 1947; x_wconf 92' lang='lat' dir='ltr'><strong>et</strong></span> 
     </span>
     <span class='ocr_line' id='line_1_24' title="bbox 45 1977 1591 2035; baseline -0.004 -8"><span class='ocrx_word' id='word_1_196' title='bbox 45 1984 73 2027; x_wconf 64' lang='grc' dir='ltr'>ὁ</span> <span class='ocrx_word' id='word_1_197' title='bbox 106 1983 333 2027; x_wconf 67' lang='lat' dir='ltr'><strong>Germania</strong></span> <span class='ocrx_word' id='word_1_198' title='bbox 367 1981 562 2024; x_wconf 87' lang='lat' dir='ltr'><strong>Cimbros</strong></span> <span class='ocrx_word' id='word_1_199' title='bbox 599 1980 798 2023; x_wconf 90' lang='lat' dir='ltr'><strong>immensa</strong></span> <span class='ocrx_word' id='word_1_200' title='bbox 829 1980 958 2022; x_wconf 90' lang='lat' dir='ltr'><strong>millia</strong></span> <span class='ocrx_word' id='word_1_201' title='bbox 994 1981 1176 2022; x_wconf 85' lang='lat' dir='ltr'><strong>ferorum</strong></span> <span class='ocrx_word' id='word_1_202' title='bbox 1208 1987 1331 2035; x_wconf 82' lang='lat' dir='ltr'><strong>atque</strong></span> <span class='ocrx_word' id='word_1_203' title='bbox 1367 1977 1591 2021; x_wconf 85' lang='lat' dir='ltr'><strong>immitium</strong></span> 
     </span>
     <span class='ocr_line' id='line_1_25' title="bbox 45 2052 1591 2118; baseline -0.006 -16"><span class='ocrx_word' id='word_1_204' title='bbox 45 2058 316 2118; x_wconf 86' lang='lat' dir='ltr'><strong>populorum,</strong></span> <span class='ocrx_word' id='word_1_205' title='bbox 346 2072 462 2099; x_wconf 91' lang='lat' dir='ltr'><strong>more</strong></span> <span class='ocrx_word' id='word_1_206' title='bbox 487 2054 697 2112; x_wconf 87' lang='lat' dir='ltr'><strong>procellae,</strong></span> <span class='ocrx_word' id='word_1_207' title='bbox 717 2055 936 2097; x_wconf 61' lang='lat' dir='ltr'><strong>inundasse</strong></span> <span class='ocrx_word' id='word_1_208' title='bbox 955 2054 1158 2097; x_wconf 84' lang='lat' dir='ltr'><strong>Italiam.&#39;&#39;</strong></span> <span class='ocrx_word' id='word_1_209' title='bbox 1218 2052 1466 2095; x_wconf 87' lang='lat' dir='ltr'><strong>Plutarchus</strong></span> <span class='ocrx_word' id='word_1_210' title='bbox 1485 2067 1591 2109; x_wconf 87' lang='lat' dir='ltr'><strong>quo-</strong></span> 
     </span>
     <span class='ocr_line' id='line_1_26' title="bbox 48 2126 1592 2192; baseline -0.004 -16"><span class='ocrx_word' id='word_1_211' title='bbox 48 2149 130 2192; x_wconf 88' lang='lat' dir='ltr'><strong>que</strong></span> <span class='ocrx_word' id='word_1_212' title='bbox 148 2133 189 2175; x_wconf 92' lang='lat' dir='ltr'><strong>in</strong></span> <span class='ocrx_word' id='word_1_213' title='bbox 211 2131 368 2184; x_wconf 87' lang='lat' dir='ltr'><strong>Mario,</strong></span> <span class='ocrx_word' id='word_1_214' title='bbox 389 2148 432 2188; x_wconf 88' lang='lat' dir='ltr'><strong>p.</strong></span> <span class='ocrx_word' id='word_1_215' title='bbox 453 2137 554 2175; x_wconf 87' lang='lat'><strong>411.</strong></span> <span class='ocrx_word' id='word_1_216' title='bbox 572 2129 641 2183; x_wconf 88' lang='lat' dir='ltr'><strong>ait,</strong></span> <span class='ocrx_word' id='word_1_217' title='bbox 662 2130 825 2173; x_wconf 89' lang='lat' dir='ltr'><strong>devicto</strong></span> <span class='ocrx_word' id='word_1_218' title='bbox 854 2130 881 2173; x_wconf 90' lang='lat' dir='ltr'>J</span> <span class='ocrx_word' id='word_1_219' title='bbox 886 2129 1077 2186; x_wconf 56' lang='lat' dir='ltr'><strong>ugurtha,</strong></span> <span class='ocrx_word' id='word_1_220' title='bbox 1107 2143 1291 2170; x_wconf 88' lang='lat' dir='ltr'><strong>rumores</strong></span> <span class='ocrx_word' id='word_1_221' title='bbox 1310 2129 1362 2170; x_wconf 91' lang='lat' dir='ltr'><strong>de</strong></span> <span class='ocrx_word' id='word_1_222' title='bbox 1388 2126 1592 2170; x_wconf 84' lang='lat' dir='ltr'><strong>Teutonis</strong></span> 
     </span>
     <span class='ocr_line' id='line_1_27' title="bbox 46 2202 1590 2261; baseline -0.003 -11"><span class='ocrx_word' id='word_1_223' title='bbox 46 2218 91 2251; x_wconf 89' lang='lat' dir='ltr'><strong>et</strong></span> <span class='ocrx_word' id='word_1_224' title='bbox 110 2207 292 2250; x_wconf 86' lang='lat' dir='ltr'><strong>Cimbris</strong></span> <span class='ocrx_word' id='word_1_225' title='bbox 310 2205 571 2248; x_wconf 86' lang='lat' dir='ltr'><strong>increbuisse.</strong></span> <span class='ocrx_word' id='word_1_226' title='bbox 630 2205 698 2247; x_wconf 91' lang='lat' dir='ltr'><strong>Ac</strong></span> <span class='ocrx_word' id='word_1_227' title='bbox 721 2204 858 2261; x_wconf 64' lang='lat' dir='ltr'><strong>primo</strong></span> <span class='ocrx_word' id='word_1_228' title='bbox 879 2205 1045 2261; x_wconf 89' lang='lat' dir='ltr'><strong>quidem</strong></span> <span class='ocrx_word' id='word_1_229' title='bbox 1064 2202 1314 2246; x_wconf 81' lang='lat' dir='ltr'><strong>incredibilis</strong></span> <span class='ocrx_word' id='word_1_230' title='bbox 1334 2218 1424 2245; x_wconf 90' lang='lat' dir='ltr'><strong>esse</strong></span> <span class='ocrx_word' id='word_1_231' title='bbox 1443 2217 1590 2246; x_wconf 88' lang='lat' dir='ltr'><strong>eorum</strong></span> 
     </span>
     <span class='ocr_line' id='line_1_28' title="bbox 47 2276 1591 2337; baseline -0.004 -12"><span class='ocrx_word' id='word_1_232' title='bbox 47 2281 245 2325; x_wconf 89' lang='lat' dir='ltr'><strong>colluvies</strong></span> <span class='ocrx_word' id='word_1_233' title='bbox 262 2283 491 2334; x_wconf 82' lang='lat' dir='ltr'><strong>ferebatur3</strong></span> <span class='ocrx_word' id='word_1_234' title='bbox 523 2279 592 2337; x_wconf 89' lang='lat' dir='ltr'><strong>qui</strong></span> <span class='ocrx_word' id='word_1_235' title='bbox 620 2295 804 2322; x_wconf 90' lang='lat' dir='ltr'><strong>rumores</strong></span> <span class='ocrx_word' id='word_1_236' title='bbox 834 2277 979 2336; x_wconf 63' lang='lat' dir='ltr'><strong>posted</strong></span> <span class='ocrx_word' id='word_1_237' title='bbox 998 2293 1095 2320; x_wconf 89' lang='lat' dir='ltr'><strong>vero</strong></span> <span class='ocrx_word' id='word_1_238' title='bbox 1117 2277 1294 2320; x_wconf 85' lang='lat' dir='ltr'><strong>minores</strong></span> <span class='ocrx_word' id='word_1_239' title='bbox 1313 2276 1462 2334; x_wconf 88' lang='lat' dir='ltr'><strong>reperti</strong></span> <span class='ocrx_word' id='word_1_240' title='bbox 1481 2284 1591 2320; x_wconf 88' lang='lat' dir='ltr'><strong>sunt.</strong></span> 
     </span>
     <span class='ocr_line' id='line_1_29' title="bbox 51 2350 1591 2408; baseline -0.004 -9"><span class='ocrx_word' id='word_1_241' title='bbox 51 2356 313 2400; x_wconf 89' lang='lat' dir='ltr'><strong>Bellatorum</strong></span> <span class='ocrx_word' id='word_1_242' title='bbox 345 2355 454 2397; x_wconf 91' lang='lat' dir='ltr'><strong>enim</strong></span> <span class='ocrx_word' id='word_1_243' title='bbox 484 2364 526 2397; x_wconf 94' lang='lat' dir='ltr'><strong>et</strong></span> <span class='ocrx_word' id='word_1_244' title='bbox 555 2362 805 2397; x_wconf 87' lang='lat' dir='ltr'><strong>armatorum</strong></span> <span class='ocrx_word' id='word_1_245' title='bbox 835 2361 1015 2394; x_wconf 87' lang='lat' dir='ltr'><strong>trecenta</strong></span> <span class='ocrx_word' id='word_1_246' title='bbox 1046 2351 1175 2394; x_wconf 88' lang='lat' dir='ltr'><strong>millia</strong></span> <span class='ocrx_word' id='word_1_247' title='bbox 1207 2351 1250 2394; x_wconf 88' lang='lat' dir='ltr'><strong>in</strong></span> <span class='ocrx_word' id='word_1_248' title='bbox 1276 2350 1437 2408; x_wconf 86' lang='lat' dir='ltr'><strong>agmine</strong></span> <span class='ocrx_word' id='word_1_249' title='bbox 1462 2359 1591 2405; x_wconf 83' lang='lat' dir='ltr'><strong>erant,</strong></span> 
     </span>
     <span class='ocr_line' id='line_1_30' title="bbox 48 2426 1592 2491; baseline -0.003 -18"><span class='ocrx_word' id='word_1_250' title='bbox 48 2446 274 2491; x_wconf 85' lang='lat' dir='ltr'><strong>puerorum</strong></span> <span class='ocrx_word' id='word_1_251' title='bbox 294 2438 430 2472; x_wconf 83' lang='lat' dir='ltr'><strong>autem</strong></span> <span class='ocrx_word' id='word_1_252' title='bbox 450 2438 572 2486; x_wconf 90' lang='lat' dir='ltr'><strong>atque</strong></span> <span class='ocrx_word' id='word_1_253' title='bbox 586 2428 806 2471; x_wconf 89' lang='lat' dir='ltr'><strong>mulierum</strong></span> <span class='ocrx_word' id='word_1_254' title='bbox 824 2427 947 2482; x_wconf 72' lang='lat' dir='ltr'><strong>longe</strong></span> <span class='ocrx_word' id='word_1_255' title='bbox 966 2427 1139 2483; x_wconf 88' lang='lat' dir='ltr'><strong>majores</strong></span> <span class='ocrx_word' id='word_1_256' title='bbox 1151 2435 1331 2470; x_wconf 86' lang='lat' dir='ltr'><strong>catervas</strong></span> <span class='ocrx_word' id='word_1_257' title='bbox 1351 2426 1592 2469; x_wconf 85' lang='lat' dir='ltr'><strong>dicebantur</strong></span> 
     </span>
     <span class='ocr_line' id='line_1_31' title="bbox 51 2499 1592 2563; baseline -0.004 -15"><span class='ocrx_word' id='word_1_258' title='bbox 51 2521 194 2549; x_wconf 84' lang='lat' dir='ltr'><strong>secum</strong></span> <span class='ocrx_word' id='word_1_259' title='bbox 233 2520 366 2563; x_wconf 80' lang='lat' dir='ltr'><strong>agere.</strong></span> <span class='ocrx_word' id='word_1_260' title='bbox 426 2503 612 2562; x_wconf 66' lang='grc' dir='ltr'><strong><em>Μυριάὸες</em></strong></span> <span class='ocrx_word' id='word_1_261' title='bbox 641 2504 711 2558; x_wconf 79' lang='grc' dir='ltr'><strong>μὲν</strong></span> <span class='ocrx_word' id='word_1_262' title='bbox 743 2505 824 2560; x_wconf 64' lang='grc' dir='ltr'><strong>γὰρ</strong></span> <span class='ocrx_word' id='word_1_263' title='bbox 861 2506 901 2544; x_wconf 74' lang='grc' dir='ltr'><strong>αἱ</strong></span> <span class='ocrx_word' id='word_1_264' title='bbox 934 2499 1107 2556; x_wconf 65' lang='grc' dir='ltr'>μάχιμοι</span> <span class='ocrx_word' id='word_1_265' title='bbox 1133 2500 1339 2559; x_wconf 67' lang='grc' dir='ltr'><strong><em>τριάκοντα</em></strong></span> <span class='ocrx_word' id='word_1_266' title='bbox 1366 2502 1434 2544; x_wconf 82' lang='grc' dir='ltr'><strong>σὺν</strong></span> <span class='ocrx_word' id='word_1_267' title='bbox 1465 2499 1592 2550; x_wconf 69' lang='grc' dir='ltr'>ὅπλοις</span> 
     </span>
     <span class='ocr_line' id='line_1_32' title="bbox 50 2573 1591 2638; baseline -0.003 -15"><span class='ocrx_word' id='word_1_268' title='bbox 50 2579 234 2638; x_wconf 65' lang='grc' dir='ltr'><strong>ἐχώρουν,</strong></span> <span class='ocrx_word' id='word_1_269' title='bbox 253 2578 367 2636; x_wconf 75' lang='grc' dir='ltr'>ὄχλοι</span> <span class='ocrx_word' id='word_1_270' title='bbox 386 2579 423 2622; x_wconf 79' lang='grc' dir='ltr'><strong>δὲ</strong></span> <span class='ocrx_word' id='word_1_271' title='bbox 442 2579 581 2621; x_wconf 83' lang='grc' dir='ltr'>παίδων</span> <span class='ocrx_word' id='word_1_272' title='bbox 608 2578 672 2620; x_wconf 71' lang='grc' dir='ltr'><strong>καὶ</strong></span> <span class='ocrx_word' id='word_1_273' title='bbox 704 2580 892 2635; x_wconf 81' lang='grc' dir='ltr'><strong><em>γυναικῶν</em></strong></span> <span class='ocrx_word' id='word_1_274' title='bbox 922 2573 1095 2634; x_wconf 80' lang='grc' dir='ltr'><strong>ἐλέγοντο</strong></span> <span class='ocrx_word' id='word_1_275' title='bbox 1119 2576 1217 2618; x_wconf 83' lang='grc' dir='ltr'>πολὺ</span> <span class='ocrx_word' id='word_1_276' title='bbox 1239 2575 1388 2627; x_wconf 79' lang='grc' dir='ltr'>πλείους</span> <span class='ocrx_word' id='word_1_277' title='bbox 1407 2592 1591 2634; x_wconf 62' lang='grc' dir='ltr'><strong>συμπερι-</strong></span> 
     </span>
     <span class='ocr_line' id='line_1_33' title="bbox 47 2652 229 2712; baseline -0.011 -15"><span class='ocrx_word' id='word_1_278' title='bbox 47 2652 229 2712; x_wconf 61' lang='grc' dir='ltr'><strong><em>,ἄγευ-θαι.</em></strong></span> 
     </span>
    </p>

    <p class='ocr_par' dir='ltr' id='par_1_8' title="bbox 114 2723 984 2771">
     <span class='ocr_line' id='line_1_34' title="bbox 114 2723 984 2771; baseline -0.006 0"><span class='ocrx_word' id='word_1_279' title='bbox 114 2727 214 2771; x_wconf 85' lang='lat' dir='ltr'><strong>Non</strong></span> <span class='ocrx_word' id='word_1_280' title='bbox 235 2725 415 2770; x_wconf 83' lang='lat' dir='ltr'><strong>Samnis.</strong></span> <span class='ocrx_word' id='word_1_281' title='bbox 473 2725 577 2768; x_wconf 91' lang='lat' dir='ltr'><strong>MS.</strong></span> <span class='ocrx_word' id='word_1_282' title='bbox 594 2724 739 2768; x_wconf 90' lang='lat' dir='ltr'><strong>Turic.</strong></span> <span class='ocrx_word' id='word_1_283' title='bbox 762 2723 984 2767; x_wconf 82' lang='lat' dir='ltr'><strong>Samnites.</strong></span> 
     </span>
    </p>

    <p class='ocr_par' dir='ltr' id='par_1_9' title="bbox 55 2798 1596 2936">
     <span class='ocr_line' id='line_1_35' title="bbox 109 2798 1593 2862; baseline -0.003 -17"><span class='ocrx_word' id='word_1_284' title='bbox 109 2801 268 2845; x_wconf 74' lang='lat' dir='ltr'><strong>Acrior</strong></span> <span class='ocrx_word' id='word_1_285' title='bbox 297 2808 355 2862; x_wconf 69' lang='lat' dir='ltr'><strong>est</strong></span> <span class='ocrx_word' id='word_1_286' title='bbox 389 2798 692 2846; x_wconf 78' lang='lat' dir='ltr'><strong>Germanorum</strong></span> <span class='ocrx_word' id='word_1_287' title='bbox 726 2798 911 2841; x_wconf 78' lang='lat' dir='ltr'><strong>libertas.</strong></span> <span class='ocrx_word' id='word_1_288' title='bbox 972 2799 1150 2856; x_wconf 85' lang='lat' dir='ltr'><strong>Egregia</strong></span> <span class='ocrx_word' id='word_1_289' title='bbox 1181 2799 1383 2858; x_wconf 86' lang='lat' dir='ltr'><strong>dignaque</strong></span> <span class='ocrx_word' id='word_1_290' title='bbox 1416 2800 1593 2856; x_wconf 83' lang='lat' dir='ltr'><strong>pruden-</strong></span> 
     </span>
     <span class='ocr_line' id='line_1_36' title="bbox 55 2873 1596 2936; baseline -0.004 -16"><span class='ocrx_word' id='word_1_291' title='bbox 55 2875 212 2928; x_wconf 77' lang='lat' dir='ltr'><strong>tissimo</strong></span> <span class='ocrx_word' id='word_1_292' title='bbox 231 2875 432 2933; x_wconf 87' lang='lat' dir='ltr'><strong>scriptore</strong></span> <span class='ocrx_word' id='word_1_293' title='bbox 460 2873 671 2936; x_wconf 80' lang='lat' dir='ltr'><strong>sententia,</strong></span> <span class='ocrx_word' id='word_1_294' title='bbox 700 2888 777 2916; x_wconf 89' lang='lat' dir='ltr'><strong>nec</strong></span> <span class='ocrx_word' id='word_1_295' title='bbox 806 2873 928 2918; x_wconf 83' lang='lat' dir='ltr'><strong>nobis</strong></span> <span class='ocrx_word' id='word_1_296' title='bbox 959 2873 1124 2918; x_wconf 86' lang='lat' dir='ltr'><strong>silenda.</strong></span> <span class='ocrx_word' id='word_1_297' title='bbox 1182 2873 1236 2917; x_wconf 88' lang='lat' dir='ltr'><strong>In</strong></span> <span class='ocrx_word' id='word_1_298' title='bbox 1254 2874 1306 2918; x_wconf 58' lang='lat' dir='ltr'><strong>est</strong></span> <span class='ocrx_word' id='word_1_299' title='bbox 1322 2873 1432 2917; x_wconf 87' lang='lat' dir='ltr'><strong>enim</strong></span> <span class='ocrx_word' id='word_1_300' title='bbox 1450 2887 1596 2919; x_wconf 86' lang='lat' dir='ltr'><strong>recon-</strong></span> 
     </span>
    </p>
   </div>
  </div>
 </body>
</html>
