1812 3224
4 2833 7 2835 -
67 2804 226 2844 entiam.

693 177 1019 223 GERMANIA.
1603 184 1632 225 9

86 331 88 333 .
133 292 186 336 ⁴2.
219 285 362 336 Ipsos
401 285 671 335 Germanos
708 283 949 351 indigenas
964 287 978 307 ¹
1013 283 1310 345 crediderim,
1344 284 1634 353 minimeque

73 363 267 416 aliarum
300 364 512 432 gentium
549 363 825 412 adventibus
845 374 892 412 et
914 363 1120 429 hospitiis
1135 367 1152 386 ²
1169 363 1377 425 mixtos:
1415 365 1523 430 quia
1542 381 1631 414 nec

69 443 204 494 terra*
228 443 378 503 olim,³
411 442 495 492 sed
529 441 751 492 classibus
783 441 1150 502 advehebantur,
1186 441 1267 507 qui
1297 454 1478 491 mutare
1500 444 1635 491 sedes

72 523 367 588 quaerebant3
404 532 451 569 et
471 521 726 570 immensus
749 520 888 581 ultra,
913 531 1059 586 utque
1079 521 1145 569 sic
1171 520 1388 579 dixerim,
1411 521 1634 569 adversus

71 601 292 650 Oceanus
307 603 328 630 ⁴
348 600 463 649 raris
483 601 544 648 ab
565 601 682 648 orbe
702 611 864 648 nostro
885 598 1080 648 navibus
1102 598 1269 647 aditur.
1324 598 1445 662 Quis
1467 599 1635 663 porro,

77 685 244 744 praeter
265 676 529 743 periculum
550 676 728 726 horridi
750 689 797 726 et
818 677 966 743 ignoti
987 676 1144 737 maris,
1181 675 1313 736 Asia,
1347 688 1427 724 aut
1449 674 1634 734 Africa,

71 767 148 805 aut
184 755 321 805 Italia
358 754 540 816 relicta,
576 756 882 806 Germaniam
919 767 1096 821 peteret
1112 755 1148 804 ?⁵
1189 754 1440 803 informem
1481 753 1635 813 terris,

68 850 284 899 asperam
322 835 464 894 coe10,
497 833 676 883 tristem
714 835 844 883 cultu
879 845 1180 899 aspectuque,
1213 833 1300 881 nisi
1322 833 1359 881 si
1381 831 1527 897 patria
1562 832 1635 880 sit.

70 912 323 962 Celebrant
371 911 652 961 carminibus
695 911 895 978 antiquis
911 908 930 934 ⁶
964 912 1119 978 (quod
1164 927 1316 960 unum
1360 911 1487 975 apud
1530 909 1636 958 illos

121 1068 135 1085 ¹
157 1069 379 1122 Indigenas.
426 1069 630 1121 Indigeuae,
647 1077 686 1108 et
705 1071 815 1121 quasi

67 1121 91 1162 ὲ
108 1124 210 1162 terra
227 1123 417 1175 prognati,
443 1125 631 1163 veteribus
654 1125 818 1176 scripto-

68 1177 176 1217 ribus
192 1178 286 1217 dicti
303 1186 392 1217 sunt
407 1179 545 1230 populi
562 1191 704 1227 omnes,
722 1192 821 1230 quo-

66 1243 153 1271 rum
184 1233 290 1284 origo
323 1246 387 1272 eos
418 1232 575 1272 latebat.

64 1287 377 1339 superioremque
403 1295 555 1326 aetatern
573 1287 732 1326 meliora
750 1289 818 1326 do·

65 1341 152 1380 cuit
170 1343 295 1394 major
311 1342 536 1381 eruditionis
566 1342 695 1394 copia,
723 1342 817 1380 faci-

64 1393 142 1434 lior
151 1396 407 1448 frequentiorq
413 1409 458 1434 ue
467 1395 815 1447 peregrinationum

66 1462 173 1495 usus,
184 1463 232 1489 ac
243 1450 412 1489 maxime
425 1451 646 1501 linguarum
664 1451 816 1491 notitia.

62 1503 121 1544 Jis
139 1505 319 1544 subsidiis
337 1513 471 1557 aperta
486 1506 620 1544 mundi
633 1518 818 1544 commer-

67 1558 143 1598 cia.
199 1559 372 1598 Eruditis
397 1559 575 1598 omnibus
595 1561 680 1611 jam
712 1573 818 1598 com-

66 1620 222 1664 pertum
249 1614 474 1666 Scythicam
502 1627 579 1652 esse
606 1615 819 1654 Germano-

30 1710 37 1716 ,
66 1679 155 1705 rum
172 1668 369 1719 originem.
426 1669 593 1720 Ipsaque
611 1668 817 1708 Germania

68 1721 239 1792 chthiae
255 1723 499 1768 contermina,
515 1723 615 1762 Pliu.
634 1735 734 1762 vm.
756 1726 818 1762 15.

160 1776 395 1815 Adventibus
412 1782 450 1815 et
467 1777 651 1828 hospitiis.
694 1777 820 1816 Aliter

66 1835 107 1868 et
133 1829 219 1868 vere
251 1830 331 1881 ipse
348 1831 508 1870 Tacitus
538 1832 636 1870 infra
661 1844 748 1884 cap.
767 1835 819 1871 28

68 1891 108 1923 et
124 1887 191 1923 43.
248 1884 399 1932 Gallos,
428 1885 634 1934 Gothinos,
655 1894 693 1925 et
710 1886 821 1935 Osos,

68 1938 232 1977 advenas
264 1947 383 1991 atque
417 1939 584 1991 hospites
621 1948 821 1979 memorat.

70 1993 144 2031 His
171 2001 300 2031 tamen
327 1994 555 2032 adventibus
582 1999 620 2033 et
648 1995 822 2046 hospitiis

70 2047 228 2087 minime
265 2048 408 2086 mixtos
441 2048 556 2087 fuisse
591 2049 820 2097 Germanos,

68 2108 225 2142 censent
249 2101 391 2141 eruditi
411 2102 618 2142 Germani:
650 2103 727 2142 vim
750 2104 821 2141 im-

64 2156 166 2206 perii
186 2169 299 2207 penes
316 2169 379 2194 eos
395 2169 542 2208 semper
561 2157 698 2195 fuisse:
729 2157 821 2196 alie-

67 2209 222 2302 ilisgem
238 2210 328 2249 vero
347 2211 525 2262 precario
545 2211 699 2251 tantum
713 2211 822 2251 habi-

61 2298 64 2304 .
130 2277 181 2303 se.

64 2360 68 2368 ,
123 2315 139 2338 ³
169 2318 255 2357 Nec
290 2318 398 2363 terrd
427 2319 529 2358 olim.
585 2319 710 2358 Immo
741 2320 819 2371 pri-

64 2370 177 2416 mum
211 2370 326 2420 terra,
353 2373 490 2412 deinde
523 2373 726 2420 classibus,
753 2375 818 2412 sed

69 2425 166 2473 sero,
207 2433 246 2464 et
279 2426 372 2466 cum
410 2435 508 2466 artes
554 2428 818 2478 adolevissent,

63 2487 228 2529 ‘mutatae
246 2480 448 2520 hominum
465 2482 584 2522 sedes.

61 2572 63 2574 ,
122 2531 144 2556 ⁴
161 2535 356 2574 Adversus
371 2535 554 2582 Oceanus,
610 2537 715 2576 Bene
732 2538 819 2588 qui-

67 2585 170 2628 dem.
217 2590 302 2628 Nec
320 2590 538 2641 antiquitus
557 2591 722 2639 tantum,
739 2592 817 2639 sed,

67 2641 217 2693 vigente
235 2644 352 2682 etiam
372 2644 533 2695 imperio
552 2645 740 2693 Romano,
751 2647 819 2684 ad-

67 2708 195 2736 versus
214 2697 396 2736 Oceanus
425 2699 520 2736 raris
550 2699 712 2738 navibus
733 2700 817 2738 adi-

68 2749 198 2799 batur,
225 2753 276 2790 ob
292 2753 473 2804 exiguam
491 2753 545 2791 rei
563 2754 730 2793 nautieae
746 2754 821 2792 sci·

294 2806 459 2854 Drusus,
506 2815 615 2857 pater
660 2807 818 2846 Claudii

67 2855 329 2910 Imperatoris,
359 2859 543 2899 Oceanum
574 2860 821 2913 Septemtrio-

67 2913 189 2961 nalem
218 2915 363 2965 primus
399 2914 652 2954 Romanorum
689 2916 822 2954 ducum

70 2966 282 3019 navigavit,
328 2969 487 3008 Sueten.
528 2970 569 3007 in
609 2969 751 3009 Claud.
793 2981 824 3008 1.

633 1234 815 1273 Nostram
841 1282 843 1285 Ι

889 1069 1093 1122 Quantum
1126 1075 1257 1108 autem
1288 1067 1532 1115 discriminis,
1560 1067 1640 1106 vio-

889 1121 1006 1162 lentii
1024 1123 1188 1172 Oceani,
1214 1123 1352 1162 adierit
1367 1122 1641 1168 Germanicus,

889 1179 1055 1216 vidimus
1073 1191 1192 1229 supra
1208 1177 1352 1216 Annal.
1374 1189 1424 1216 11.
1442 1181 1511 1216 23.

945 1230 959 1252 ⁵
980 1232 1221 1271 Germaniam
1234 1237 1396 1284 peteret.
1453 1230 1640 1270 Nondum

889 1288 979 1326 satis
995 1287 1125 1325 valida
1141 1287 1254 1325 ratio.
1309 1285 1440 1324 Rudes
1469 1285 1641 1328 barbari-

891 1355 968 1392 que
999 1341 1171 1380 homines
1201 1349 1305 1379 tutas
1337 1340 1479 1392 potius,
1520 1339 1641 1391 quam

891 1396 1010 1444 laetas,
1038 1396 1145 1434 sedes
1174 1394 1371 1447 quaesiere.
1427 1395 1522 1433 Inde
1553 1394 1643 1432 loca

891 1450 1061 1498 horrida,
1105 1462 1193 1501 quae
1228 1450 1294 1487 vix
1332 1449 1498 1488 habitari
1534 1461 1643 1500 posse

892 1505 1145 1550 crederemus,
1157 1504 1181 1542 a
1192 1503 1388 1542 nonnullis
1406 1503 1643 1542 antehabita.

893 1559 1043 1606 Fateor,
1071 1559 1292 1609 gratissimae
1326 1564 1415 1596 sunt
1434 1559 1552 1604 Asiae,
1586 1559 1644 1596 A·

891 1614 1009 1660 fricae,
1039 1613 1242 1664 Italiaeque
1259 1612 1377 1651 sedes.
1433 1614 1490 1654 At
1516 1625 1644 1663 neque

887 1669 1016 1707 statim
1050 1668 1224 1706 florentes
1261 1667 1378 1714 fuere,
1423 1667 1488 1705 sed
1523 1666 1641 1715 lente,

887 1723 1100 1773 vigentibus
1116 1722 1300 1774 imperiis,
1314 1730 1351 1760 et
1369 1721 1505 1765 adulto
1521 1721 1641 1760 luxu.

890 1777 1077 1815 Praeterea
1094 1790 1166 1815 nec
1184 1775 1304 1814 illaeta
1322 1775 1547 1822 Germania,
1567 1787 1641 1814 nec

888 1832 968 1869 suis
998 1838 1105 1870 caret
1135 1830 1368 1869 commodis:
1399 1830 1519 1868 immo
1550 1830 1658 1868 viris·

890 1885 1101 1937 virtutique
1141 1885 1350 1936 aptissima.
1408 1885 1520 1922 Adde
1565 1896 1644 1922 non

890 1941 1021 1978 statim
1049 1940 1201 1978 relictas
1219 1939 1324 1977 sedes
1343 1938 1568 1985 laetissimas,
1597 1946 1644 1976 ut

891 1994 1072 2033 tristiores
1097 2001 1403 2045 occuparentur:
1433 1993 1511 2040 sed,
1543 1992 1644 2030 utin

892 2048 1115 2095 Germania,
1159 2049 1206 2086 de
1240 2047 1319 2099 qua
1356 2059 1461 2086 nunc
1499 2047 1646 2098 agitur,

891 2103 1084 2150 immorer,
1128 2103 1236 2149 Asia,
1280 2102 1501 2140 hominibus
1538 2101 1644 2148 stuta,

890 2157 1061 2208 primum
1081 2157 1120 2195 in
1141 2156 1342 2208 Scythiam
1378 2157 1518 2194 effusa:
1550 2156 1647 2208 Scy·
1687 2161 1691 2165 ’

891 2211 974 2250 thia
1000 2212 1040 2250 in
1069 2211 1347 2250 conterminam
1368 2210 1643 2248 Germaniam:

891 2278 938 2304 ac
957 2265 987 2303 si
1005 2266 1102 2318 quid
1120 2265 1279 2304 decessit
1294 2264 1501 2316 voluptati,
1515 2277 1646 2303 accre-

891 2320 947 2358 vit
979 2320 1225 2366 humanitati,
1254 2327 1299 2358 ut
1329 2325 1411 2357 toto
1441 2318 1517 2358 hoc
1540 2319 1646 2357 libro

893 2374 1229 2412 demonstrabitur.

947 2425 965 2445 ⁶
984 2428 1220 2468 Carminibus
1240 2427 1418 2480 antiquis.
1451 2426 1647 2466 Omnibus

888 2488 989 2520 retro
1008 2483 1163 2530 seculis,
1180 2490 1219 2521 et
1235 2483 1342 2534 apud
1362 2484 1544 2520 barbaras
1562 2494 1646 2519 om-

890 2549 954 2586 nes
973 2543 1113 2588 gentes,
1141 2544 1186 2575 ut
1203 2550 1252 2574 ex
1272 2537 1463 2575 Americae
1489 2535 1647 2588 populis

888 2591 996 2629 nobis
1015 2591 1147 2630 adhuc
1166 2596 1422 2643 compertum,
1451 2590 1552 2628 idem
1572 2589 1648 2627 fuit

880 2646 1109 2684 ,carminum
1153 2658 1259 2690 usuS‚
1304 2645 1437 2683 eadem
1484 2643 1647 2682 utilitas.

892 2700 1055 2738 Carolus
1086 2700 1268 2750 Magnus,
1297 2708 1389 2737 teste
1415 2698 1647 2749 Eginhardo,

894 2754 933 2791 in
958 2755 1039 2804 ejus
1067 2752 1158 2801 vita,
1187 2765 1274 2804 cap.
1293 2758 1360 2800 29.
1405 2753 1582 2790 Barbara
1609 2758 1648 2790 et

893 2808 1152 2859 antiquissima
1179 2808 1360 2855 carmina,
1387 2807 1518 2859 quibus
1549 2810 1649 2844 vete-

894 2875 975 2900 rum
1004 2875 1133 2913 regum
1162 2866 1271 2899 actus
1289 2868 1326 2900 et
1345 2862 1441 2900 belm
1467 2860 1650 2898 caneban-

897 2921 975 2963 tur,
992 2916 1158 2967 scripsit,
1173 2915 1426 2969 memorioeque
1444 2912 1649 2953 mandavit.
