1768 3236
369 181 450 222 An
480 176 783 221 DIALOGUM
811 177 888 218 DE
916 177 1285 221 ORATORIBUS.
1500 170 1611 230 '619

68 287 280 346 juvenem,
308 292 355 327 ut
371 292 487 341 patet
519 300 570 326 ex
588 283 691 326 Vita
709 282 852 338 Agn'c.
871 298 966 340 cap.
984 289 1026 332 9.
1071 288 1102 308 “
1123 282 1283 348 Consul
1307 284 1487 341 ‘egregiae
1517 293 1609 328 tum

74 360 164 416 spei
182 358 310 401 filiam
322 358 464 415 juveni
483 358 582 401 mihi
601 357 831 414 despondit,
861 372 910 399 ac
945 365 1041 413 post
1073 358 1331 402 consulatum
1350 359 1609 403 collocavit.”

74 433 123 477 N
126 449 173 477 ee
191 433 337 476 melius
366 433 562 490 objiciunt
592 431 683 488 styli
711 430 1012 474 diversitatem:
1043 432 1222 475 diversus
1253 449 1345 476 esse
1375 434 1498 477 debet
1529 450 1607 491 pro

74 508 235 550 diversa
255 507 463 562 scriptoris
482 514 600 549 aetate
617 523 627 549 :
659 506 838 548 diversus
857 521 1020 562 quoque
1040 507 1096 548 ob
1125 515 1458 562 argumentorum
1477 509 1610 552 diver-

75 583 251 626 sitatem.
312 580 453 624 Nemo
473 581 570 627 sane
591 581 782 622 eumdem
816 579 860 622 in
889 579 1070 635 dialogo,
1098 596 1222 636 quem
1252 580 1294 622 in
1309 576 1607 625 'Historiarum

73 656 380 712 Annaliumque
402 654 514 697 libris
534 654 682 710 stylum
702 653 892 710 requiret.
936 652 1125 710 Insuper,
1145 669 1235 711 quae
1254 654 1406 711 dialogi
1423 655 1512 699 laus
1531 665 1609 711 est,

75 730 276 773 studuisse
308 730 463 772 videtur
494 728 680 780 Tacitus,
723 737 769 770 ut
801 728 1000 785 cujusque
1042 729 1247 784 ingenium
1290 731 1489 784 redderet,
1528 747 1606 775 nec

70 805 251 846 rationes
269 803 408 855 modo,
438 803 511 845 sed
530 811 572 844 et
589 818 780 844 numeros
801 803 983 847 referret.
1041 801 1144 844 Inde
1162 803 1266 859 ipse,
1297 819 1387 861 cap.
1409 811 1446 847 l.
1487 809 1516 831 ‘⁴
1537 805 1605 848 Ita

71 894 156 923 non
191 877 367 933 ingenio,
397 878 469 918 sed
502 876 703 918 memoria
734 891 782 918 ac
815 876 1093 918 recordatione
1122 893 1228 933 opus
1257 886 1333 929 est,
1376 887 1424 920 ut
1455 895 1545 935 quae
1579 878 1607 922 a

74 951 410 1008 praestantissimis
430 951 523 992 viris
543 959 583 992 et
602 950 832 1006 excogitata
862 949 1063 992 subtiliter
1081 959 1122 993 et
1142 951 1251 994 dicta
1269 952 1442 1007 graviter
1461 955 1606 1011 accepi

83 1049 98 1062 ·
113 1049 125 1062 ·
141 1050 153 1062 ·
169 1028 288 1067 ·dum
308 1027 483 1067 formam
503 1025 564 1066 sui
585 1023 756 1081 quisque
774 1032 815 1066 et
835 1023 973 1075 animi,
1003 1033 1043 1066 et
1063 1011 1214 1080 ingenii
1233 1027 1430 1079 redderet,
1460 1027 1606 1072 iisdem

71 1115 182 1144 nunc
219 1099 410 1152 numeris,
458 1099 681 1154 iisdemque
717 1097 941 1140 rationibus
975 1114 1209 1156 persequar,
1265 1109 1424 1145 servato
1463 1102 1604 1146 ordine

75 1173 402 1230 disputationis.''
465 1173 617 1214 Verum
647 1171 745 1214 licet
778 1171 950 1213 aliorum
983 1171 1143 1227 ingenio
1176 1173 1347 1216 Tacitus
1381 1174 1607 1230 indulserit,

70 1248 234 1291 nonita
266 1256 403 1290 tamen
424 1246 486 1289 sui
518 1255 579 1289 est
612 1246 778 1288 oblitus.
838 1245 1149 1303 Nonnunquam
1179 1248 1329 1291 emicat
1356 1250 1444 1306 ejus
1473 1250 1534 1292 vis
1563 1259 1607 1295 et

73 1321 318 1379 eloquentia.
378 1320 520 1363 Multa
539 1336 703 1377 quoque
723 1328 960 1372 occurrunt,
990 1335 1081 1376 quae
1110 1322 1199 1378 ejus
1232 1322 1380 1376 stylum
1405 1324 1607 1379 redolent,

73 1405 121 1440 ut
153 1396 196 1438 in
225 1395 332 1438 uotis
362 1410 470 1450 saepe
503 1410 627 1450 supra
661 1394 739 1436 fuit
769 1396 1044 1436 observatum.
1103 1395 1218 1454 Ergo
1253 1397 1385 1439 donec
1414 1397 1608 1442 validiora

73 1478 314 1526 argumenta
349 1469 620 1525 proferantur,
650 1469 706 1510 ob
740 1467 1024 1510 auctoritatem
1057 1477 1239 1511 veterum
1270 1469 1485 1523 librorum,
1514 1488 1607 1530 quae

73 1544 254 1587 maxima
270 1558 357 1585 esse
376 1544 511 1595 debet,
541 1541 750 1598 dialogum
767 1542 878 1584 hunc
897 1541 1048 1584 Tacito
1078 1534 1248 1585 'minime
1275 1532 1606 1601 abjudicaverim.

77 1617 333 1674 suffragatur
365 1625 406 1659 et
438 1617 696 1672 Pomponius
728 1616 918 1669 Sabinus,
958 1616 1104 1659 mediae
1140 1617 1267 1660 aetatis
1301 1619 1606 1674 grammaticus,

75 1691 147 1749 qui
177 1707 305 1734 unum
341 1691 462 1748 hujus
499 1690 650 1746 dialogi
681 1689 845 1744 locum‚.
892 1689 1166 1748 Tacitumque
1205 1693 1606 1738 auctorem-laudat.

74 1765 181 1809 Vide
200 1765 455 1808 Testimonia
474 1764 687 1807 Veterum.

133 1914 253 1957 CAP.
280 1922 317 1957 l.
358 1913 419 1957 Et
450 1912 573 1956 'laude
604 1912 840 1972 eloquentiae
870 1914 1036 1958 orbata.
1090 1813 1222 2032 Iyl
1202 1912 1340 1963 MSS.
1372 1915 1510 1960 Vatic.
1529 1885 1532 1887 ·
1553 1916 1606 1960 In

72 1988 188 2032 libris
208 1989 396 2032 omnibus
415 1988 547 2040 editis,
578 1988 750 2042 deserta,
781 1997 819 2031 ec
849 1989 970 2031 laude
988 1988 1088 2031 orba
1109 2005 1151 2032 a.
1208 1988 1329 2032 Unde
1361 1991 1606 2035 emendabat

73 2063 326 2115 Gronovius,
344 2061 504 2120 defecta
523 2060 571 2104 εᾶ
593 2061 727 2114 laude,
757 2070 795 2105 et
826 2062 1001 2105 orbata:
1033 2062 1407 2115 Schurzfieischius,
1435 2064 1605 2116 diserta,

70 2143 119 2179 at
134 2136 256 2178 laude
273 2135 436 2179 orbata.
496 2135 664 2189 Malim,
694 2136 861 2190 diserta,
880 2143 927 2179 at
945 2136 1065 2179 laude
1084 2135 1320 2194 eloquentiae
1338 2137 1501 2180 orbata.
1532 2138 1603 2181 Sic

71 2211 371 2253 emendandum
405 2218 519 2266 patet
549 2218 634 2253 tum
669 2226 720 2252 ex
748 2210 828 2253 hoc
860 2210 1008 2267 capite,
1039 2211 1184 2252 horum
1217 2217 1354 2252 autem
1381 2218 1604 2268 temporum

72 2284 242 2334 diserti‚·
283 2293 370 2326 tum
403 2283 427 2326 ὲ
469 2283 621 2339 dialogi
654 2283 749 2337 fine,
779 2300 873 2340 cap.
905 2291 978 2327 41.
1024 2289 1054 2310 “
1074 2283 1253 2336 Credite,
1283 2284 1445 2349 optimi,
1474 2294 1529 2339 et,
1562 2286 1603 2328 in

72 2366 269 2416 quantum
289 2373 394 2414 opus
413 2366 488 2410 est,
518 2357 768 2400 disertissimi
787 2358 902 2400 viri.''
961 2358 1019 2400 Et
1038 2358 1096 2400 sic
1115 2357 1213 2400 alibi
1232 2357 1396 2414 passim.

132 2433 415 2490 Appellamus.
474 2430 524 2474 In
547 2432 682 2475 MSS.
703 2433 838 2476 Vatic.
857 2432 1114 2490 appellemus.

130 2506 253 2550 Mal&
292 2505 604 2549 existimandum
641 2507 708 2549 sit.
768 2506 835 2549 Ita
870 2506 1038 2563 Lipsius
1075 2515 1117 2549 et
1153 2507 1397 2551 recentiores
1435 2508 1458 2552 ὲ
1499 2508 1603 2553 MS.

72 2580 240 2625 Fames.
270 2580 339 2622 Sit
368 2582 485 2622 abest
503 2581 555 2621 ab
571 2579 814 2622 editionibus
834 2581 1031 2622 veteribus
1048 2597 1060 2634 ;
1089 2589 1130 2622 et
1147 2581 1259 2622 recte
1278 2580 1546 2625 omitteretur.

133 2653 184 2696 Si
202 2668 289 2697 mea
307 2654 521 2696 sentencia.
580 2651 632 2695 In
651 2653 790 2697 MSS.
809 2653 946 2697 Vatic.
980 2664 1022 2696 et
1053 2653 1299 2697 editionibus
1324 2655 1540 2710 veteribus,
1567 2657 1605 2699 si

72 2727 176 2770 mihi
194 2742 283 2770 mea
302 2727 514 2770 sententia.

134 2799 361 2859 Iisdemque
379 2800 622 2844 rationibus.
682 2800 907 2857 Perperam
925 2809 1080 2846 veteres
1100 2801 1311 2856 editiones,
1340 2803 1606 2848 orationibus.
